=LDR  00824cx  d2200193   4500
=001  FRBNF138761797
=003  http://catalogue.bnf.fr/ark:/12148/cb13876179d
=005  20060921
=100  //$a19890601afrey50      ba0
=102  //$aXX
=106  //$a1
=126  //$a2
=152  //$c2
=216  //$7ba0yba0y$8fre   $aLivraphone
=300  0/$aMarque phonographique d'oeuvres littéraires. - Livraphone et Livraphone vox libri sont les deux formes du label des éditions Livraphone. - Suppression de Livraphone vox libri en 2002. Livraphone reste donc la seule forme de cette marque
=416  //$7ba0yba0y$8fre   $aLivraphone éditions
=510  //$5z$0Est distribué par : $314001460$7ba0yba0y$8fre   $920 $aSociété d'édition Les belles-lettres
=516  //$5z$0Voir aussi$314039058$aLivraphone vox libri
=801  //$aFR$bFR-751131015$c20060921

