=LDR  01355cx  j2200265   4500
=001  FRBNF119759959
=003  http://catalogue.bnf.fr/ark:/12148/cb11975995h
=005  20121016
=039  //$oOPL$a002123731
=100  //$a19850702afrey50      ba0
=106  //$a220
=152  //$brameau$c2
=250  //$7ba0yba0y$8fre   $a20e siècle
=330  //$aS'emploie uniquement en subdivision chronologique [sans subd. géogr.] à tous sujets noms communs et noms propres, à l'exception des personnes et des sujets pour lesquels il existe un découpage chronologique spécifique
=450  //$7ba0yba0y$8fre   $a20e siècle (subdivision)
=550  //$5z$0Voir aussi$312433520$7ba0yba0y$8fre   $a1945-....
=550  //$5z$0Voir aussi$311935621$7ba0yba0y$8fre   $aHistoire universelle$z20e siècle
=550  //$5z$0Voir aussi$311940256$7ba0yba0y$8fre   $aVingtième siècle
=550  //$5h$311976044$7ba0yba0y$8fre   $a1900-1945
=550  //$5h$311976021$7ba0yba0y$8fre   $a1945-1990
=550  //$5g$314533294$7ba0yba0y$8fre   $a1800-....
=686  //$a900$cHistoire et géographie (généralités)$2Note de regroupement par domaine
=801  //$aFR$bFR-751131015$c20121016
=822  1/$a20th century$2LCSH$uhttp://id.loc.gov/authorities/subjects/sh2002012476$d2017-02-09
=822  1/$aHistory--20th century$2LCSH$uhttp://id.loc.gov/authorities/subjects/sh2002006165$d2017-02-09

