=LDR  00355cx  j2200133   4500
=001  FRBNF119628415
=003  http://catalogue.bnf.fr/ark:/12148/cb11962841c
=005  19890712
=039  //$oOPL$a001937595
=100  //$a19840430afrey50      ba0
=106  //$a210
=152  //$brameau$c2
=200  //$7ba0yba0y$8fre   $aDracula$cpersonnage fictif
=801  //$aFR$bFR-751131015$c19890712

