=LDR  03786cx  j2200625   4500
=001  FRBNF119365081
=003  http://catalogue.bnf.fr/ark:/12148/cb119365082
=005  20200626
=039  //$oOPL$a001582906
=100  //$a19810522afrey50      ba0
=106  //$a210
=152  //$brameau$c2
=250  //$7ba0yba0y$8fre   $aLittérature$xThèmes, motifs
=305  1/$aVoir aussi la subdivision Thèmes, motifs aux littératures, personnes et titres
=330  //$aSous cette vedette, on trouve les documents qui étudient un ou plusieurs thèmes dans un vaste ensemble d'oeuvres littéraires
=330  //$aOn établit une vedette-matière additionnelle au thème étudié suivi de la subdivision Dans la littérature, par ex. : Mer -- Dans la littérature
=450  //$7ba0yba0y$8fre   $aLittérature$xThèmes, motifs -- Études comparatives
=450  //$7ba0yba0y$8fre   $aLittérature comparée$xThèmes, motifs
=450  //$7ba0yba0y$8fre   $aThèmes littéraires
=550  //$5z$0Voir aussi$311963446$7ba0yba0y$8fre   $aContes$xClassification
=550  //$5z$0Voir aussi$311996647$7ba0yba0y$8fre   $aDans la littérature
=550  //$5z$0Voir aussi$311954120$7ba0yba0y$8fre   $aGuerre mondiale$x1914-1918) -- Littérature et guerre
=550  //$5z$0Voir aussi$312074574$7ba0yba0y$8fre   $aGuerre mondiale$x1939-1945) -- Littérature et guerre
=550  //$5z$0Voir aussi$311932268$7ba0yba0y$8fre   $aLittérature comparée
=550  //$5z$0Voir aussi$311939100$7ba0yba0y$8fre   $aLittérature et guerre
=550  //$5z$0Voir aussi$311960175$7ba0yba0y$8fre   $aLittérature et révolution
=550  //$5z$0Voir aussi$311975676$7ba0yba0y$8fre   $aThèmes, motifs
=550  //$5h$311980027$7ba0yba0y$8fre   $aAbsurde (philosophie)$xDans la littérature
=550  //$5h$312011046$7ba0yba0y$8fre   $aCarnavals$xDans la littérature
=550  //$5h$311937542$7ba0yba0y$8fre   $aDanse macabre
=550  //$5h$313530309$7ba0yba0y$8fre   $aDépart (littérature)
=550  //$5h$312008745$7ba0yba0y$8fre   $aFemmes$xDans la littérature
=550  //$5h$311955235$7ba0yba0y$8fre   $aHistoire (discipline)$xDans la littérature
=550  //$5h$316222066$7ba0yba0y$8fre   $aHumour$xDans la littérature
=550  //$5h$316770627$7ba0yba0y$8fre   $aInvisibilité
=550  //$5h$315066715$7ba0yba0y$8fre   $aLumière et ténèbres$xDans la littérature
=550  //$5h$313512105$7ba0yba0y$8fre   $aManuscrits imaginaires (littérature)
=550  //$5h$311937578$7ba0yba0y$8fre   $aMétamorphose (littérature)
=550  //$5h$311932514$7ba0yba0y$8fre   $aÉgotisme
=550  //$5h$311980057$7ba0yba0y$8fre   $aMythologie$xDans la littérature
=550  //$5h$317840523$7ba0yba0y$8fre   $aPacte avec le diable (littérature)
=550  //$5h$312192444$7ba0yba0y$8fre   $aPassage (littérature)
=550  //$5h$311961448$7ba0yba0y$8fre   $aPhilosophie$xDans la littérature
=550  //$5h$316585454$7ba0yba0y$8fre   $aQuerelle des Femmes
=550  //$5h$311970737$7ba0yba0y$8fre   $aQuête (littérature)
=550  //$5h$311932727$7ba0yba0y$8fre   $aRéalisme (littérature)
=550  //$5h$313737165$7ba0yba0y$8fre   $aRetour (littérature)
=550  //$5h$311976121$7ba0yba0y$8fre   $aSentimentalisme (littérature)
=550  //$5h$311935970$7ba0yba0y$8fre   $aSexualité$xDans la littérature
=550  //$5h$311933339$7ba0yba0y$8fre   $aSignes et symboles$xDans la littérature
=580  /0$5z$0Voir aussi$311939456$7ba0yba0y$8fre   $aLittérature
=686  //$a801$cPoésie$2Note de regroupement par domaine
=801  //$aFR$bFR-751131015$c20200626
=822  12$aComparative literature--Themes, motives$2LCSH$uhttp://id.loc.gov/authorities/subjects/sh85077545$d2019-10-08
=822  12$aLittérature comparée--Thèmes, motifs$2RVMLaval$d2019-10-08

