=LDR  00411cx  b2200157   4500
=001  FRBNF140108885
=003  http://catalogue.bnf.fr/ark:/12148/cb14010888c
=005  20060320
=100  //$a19980507afrey50      ba0
=102  //$aFR
=105  //$ce$cd$dh
=106  //$a1
=150  //$ay$bb6
=210  //$7ba0yba0y$8fre   $920 $aEd distribution
=303  //$a3, square Caulaincourt, 75018 Paris
=801  //$aFR$bFR-751131015$c20060320

