=LDR  21112cx  b2204597   4500
=001  FRBNF138904633
=003  http://catalogue.bnf.fr/ark:/12148/cb13890463t
=005  20040213
=010  //$a0000000123648983$2ISNI$d20131217
=039  //$oOPP$a14290460$d20170731
=100  //$a19890601afrey50      ba0
=102  //$aGB
=105  //$ce$dg$cs$aa
=106  //$a1
=150  //$ay
=152  //$c2
=210  //$7ba0yba0y$8fre   $9 0 $aWEA Europe
=303  //$a83, Baker street, W1M 1AJ London
=410  //$7ba0yba0y$8fre   $9 1 $aWEA international
=410  //$7ba0yba0y$8fre   $9 1 $aWarner music international
=410  //$7ba0yba0y$8fre   $9 1 $aWEA music international
=510  //$5a$0Antérieurement, voir$313946987$7ba0yba0y$8fre   $920 $aErato Disques
=510  //$5z$0Voir aussi$313890227$aTeldec Schallplatten GmbH
=516  //$5z$0A édité : $313876334$7ba0yba0y$8fre   $aMCA
=516  //$5z$0A édité : $313878144$7ba0yba0y$8fre   $aCurb
=516  //$5z$0A édité : $313875701$7ba0yba0y$8fre   $aHansa
=516  //$5z$0A édité : $313850415$7ba0yba0y$8fre   $aBronze
=516  //$5z$0Édite : $316071566$7ba0yba0y$8fre   $aRhino-Word beat
=516  //$5z$0A édité : $313875579$7ba0yba0y$8fre   $aGeffen
=516  //$5z$0Édite : $313925647$aAtlantic-Titanium
=516  //$5z$0Édite : $313950242$aElektra-Chameleon
=516  //$5z$0Édite : $313951279$aAtlantic-Interscope
=516  //$5z$0Édite : $313952215$aAtco-Savage
=516  //$5z$0Édite : $313929764$aElektra-FFF
=516  //$5z$0Édite : $313878146$aWarner Bros-Full Moon
=516  //$5z$0Édite : $313927021$aWea-pm
=516  //$5z$0Édite : $313927022$aWEA-Pra
=516  //$5z$0Édite : $313873780$aAtlantic-Megaforce Worldwide
=516  //$5z$0Édite : $313933795$aWarner Bros-Lone Wolf
=516  //$5z$0Édite : $313878143$aWarner Bros-Cold Chillin'
=516  //$5z$0Édite : $313947290$aWarner Bros-Sire-Blue Horizon Héritage
=516  //$5z$0Édite : $313876386$aMerciful Release
=516  //$5z$0Édite : $313953049$7ba0yba0y$8fre   $aSolid
=516  //$5z$0Édite : $313934753$aWEA-Australian
=516  //$5z$0Édite : $313875349$aEternal
=516  //$5z$0Édite : $313877485$aSome Bizarre
=516  //$5z$0Édite : $313955846$aWarner Bros-Sire-I Square
=516  //$5z$0Édite : $313956044$aAtco-Emerald City
=516  //$5z$0Édite : $313956125$aAtlantic-Trevel
=516  //$5z$0Édite : $313956127$aGasa
=516  //$5z$0Édite : $313937871$aAtlantic-Lone Wolf
=516  //$5z$0Édite : $313937877$aAtlantic-Loud & Proud
=516  //$5z$0Édite : $313938949$aWEA International
=516  //$5z$0Édite : $313943730$aElektra-Pendulum
=516  //$5z$0Édite : $313878153$aWEA
=516  //$5z$0Édite : $313878151$aWarner Bros-Paisley Park
=516  //$5z$0Édite : $313878142$aWarner Bros
=516  //$5z$0Édite : $313875192$aEast West
=516  //$5z$0Édite : $313877436$aSire
=516  //$5z$0Édite : $313947665$aRna
=516  //$5z$0Édite : $313956136$aMesa
=516  //$5z$0Édite : $313956255$aRhino-Excello
=516  //$5z$0Édite : $313956384$aPWL International
=516  //$5z$0Édite : $313956854$aEast West-HJ
=516  //$5z$0Édite : $313874929$aCotillion
=516  //$5z$0Édite : $313877174$aReprise-Full Moon
=516  //$5z$0Édite : $313873965$aBlanco y negro
=516  //$5z$0Édite : $313947018$aMedley
=516  //$5z$0Édite : $313949495$aSelect$c1992-....
=516  //$5z$0Édite : $313937132$aElektra-African Love
=516  //$5z$0Édite : $313877140$aReal
=516  //$5z$0Édite : $313957303$aPWL international-EPM
=516  //$5z$0Édite : $313877056$aQwest
=516  //$5z$0Édite : $313957371$aWea-Telegram
=516  //$5z$0Édite : $313957386$aAtlantic-Interscope-Donnie D
=516  //$5z$0Édite : $313877809$aTeldec
=516  //$5z$0Édite : $313957575$aWarner Bros-Mtv-Stiefel Phillips
=516  //$5z$0Édite : $313957594$aReprise-MTV
=516  //$5z$0Édite : $313958015$aEarthBeat !
=516  //$5z$0Édite : $313958072$aReprise-Forceful
=516  //$5z$0Édite : $313932567$aWarner Bros-Rap-Eternal
=516  //$5z$0Édite : $313930610$aWarner Bros-Rap
=516  //$5z$0Édite : $313926986$aWarner Bros-Sire-Luaka Bop
=516  //$5z$0Édite : $313927020$aWarner Bros-Uptown
=516  //$5z$0Édite : $313930280$aWarner Bros-Sire-Rhyme Syndicate
=516  //$5z$0Édite : $313947019$aWarner Bros-Medley
=516  //$5z$0Édite : $313947021$aWarner Bros-Giant-Big Beat
=516  //$5z$0Édite : $313947282$aReprise-Cold Chillin'
=516  //$5z$0Édite : $313932181$7ba0yba0y$8fre   $aRhino
=516  //$5z$0Édite : $313927106$7ba0yba0y$8fre   $aReprise
=516  //$5z$0Édite : $313875335$aEsparanza
=516  //$5z$0Édite : $313873725$a3 Cipreses
=516  //$5z$0Édite : $313873717$aEast West-Ultraphonic
=516  //$5z$0Édite : $313873747$aEast West-On
=516  //$5z$0Édite : $313958501$aForward
=516  //$5z$0Édite : $313931347$aWEA-East West
=516  //$5z$0Édite : $313933789$aWarner Bros-Wilbury
=516  //$5z$0Édite : $313933984$aWarner Bros-Sire-Q Sound
=516  //$5z$0Édite : $313947235$aEast West-Oval
=516  //$5z$0Édite : $313875243$aElektra
=516  //$5z$0Édite : $313958597$aAtlantic-Mo Jam
=516  //$5z$0Édite : $313874022$aWea-Mvg
=516  //$5z$0Édite : $313874021$aWEA-Play it loud
=516  //$5z$0Édite : $313873957$aSire-Maverick
=516  //$5z$0Édite : $313874710$aWEA-Torpedo
=516  //$5z$0Édite : $313874713$aReprise-Kalimba
=516  //$5z$0Édite : $313873972$aMaverick
=516  //$5z$0Édite : $313875597$aWarner Bros-Capricorn
=516  //$5z$0Édite : $313875675$aWarner Bros-Reprise
=516  //$5z$0Édite : $313875013$aRhino-Atlantic Jazz
=516  //$5z$0Édite : $313934741$aWarner Bros-Grand Jury
=516  //$5z$0Édite : $313936799$aWEA-Metronome
=516  //$5z$0Édite : $313937915$aWarner Bros-Giant
=516  //$5z$0Édite : $313942022$aWarner Bros-Tappan Zee
=516  //$5z$0Édite : $313947280$aElektra-Rush Artist
=516  //$5z$0Édite : $313927026$aWarner Bros-Sire
=516  //$5z$0Édite : $313947281$aSire-Reprise-Kinetic
=516  //$5z$0Édite : $313933802$aReprise-Giant
=516  //$5z$0Édite : $313875245$aElektra-Nonesuch
=516  //$5z$0Édite : $313942720$aAtlantic-Third Stone
=516  //$5z$0Édite : $313947740$aEast West-Atco
=516  //$5z$0Édite : $313947774$aEast West-Platinum
=516  //$5z$0Édite : $313947778$aWEA-Quinlan Road
=516  //$5z$0Édite : $313877635$aSwan Song
=516  //$5z$0Édite : $313876140$aElektra-Street know ledge
=516  //$5z$0Édite : $313948528$aElektra-PWR
=516  //$5z$0Édite : $313948830$aEast West-Australian
=516  //$5z$0Édite : $313946892$aEast West-Dead Dead Good
=516  //$5z$0Édite : $313946898$aEast West-Merciful Release
=516  //$5z$0Édite : $313948863$aPwr
=516  //$5z$0Édite : $313878150$aWarner Bros-Opal
=516  //$5z$0Édite : $313927042$aReprise-Duck
=516  //$5z$0Édite : $313873775$7ba0yba0y$8fre   $aAtlantic
=516  //$5z$0Édite : $313950243$aWarner Bros-GD
=516  //$5z$0Édite : $313950244$aWarner Bros-Sire-Maverick
=516  //$5z$0Édite : $313873779$aAtlantic Jazz
=516  //$5z$0Édite : $313937926$aEast West-Interscope
=516  //$5z$0Édite : $313951281$aRhino-Bearsville
=516  //$5z$0Édite : $313951334$aAtco-Albert
=516  //$5z$0Édite : $313951338$aEast West-Magnet
=516  //$5z$0Édite : $313878155$aWEA-Elektra
=516  //$5z$0Édite : $313876253$aMagnet
=516  //$5z$0Édite : $313951340$aAtlantic & Atco-Rhino
=516  //$5z$0Édite : $313878162$aWEA-Real
=516  //$5z$0Édite : $313951661$aWEA-Sire-Real
=516  //$5z$0Édite : $313946895$a3 Beat
=516  //$5z$0Édite : $313947286$aWEA-Apache
=516  //$5z$0Édite : $313878242$aZTT
=516  //$5z$0Édite : $313873765$aAtco
=516  //$5z$0Édite : $313952228$aWarner Bros-Luaka bop
=516  //$5z$0Édite : $313927112$aWarner Bros-Qwest
=516  //$5z$0Édite : $313952279$aCGD-Clan
=516  //$5z$0Édite : $313953574$aEast West-Australian-Mma
=516  //$5z$0Édite : $313953581$aAtlantic-Modern
=516  //$5z$0Édite : $313953804$aSire-Blanco y Negro
=516  //$5z$0Édite : $314038189$aWarner.esp
=516  //$5z$0Édite : $313979535$aYellow
=516  //$5z$0Édite : $314030024$aEast West-Yellow
=516  //$5z$0Édite : $314041453$aEast West dance
=516  //$5z$0Édite : $313954853$aLKJ
=516  //$5z$0Édite : $314043743$7ba0yba0y$8fre   $aCat$cÉtats-Unis
=516  //$5z$0Édite : $313875394$aFantasy
=516  //$5z$0Édite : $314047836$aFrenetic
=516  //$5z$0Édite : $314036296$aWarner music France
=516  //$5z$0Édite : $314054585$7ba0yba0y$8fre   $aWarner jazz France
=516  //$5z$0Édite : $313953958$aAtlantic-Fire
=516  //$5z$0Édite : $313874707$aCGD
=516  //$5z$0Édite : $313953959$aCgd-ira
=516  //$5z$0Édite : $313953960$aCGD-IRA-TransEuropa
=516  //$5z$0Édite : $313953961$aInterscope
=516  //$5z$0Édite : $313877039$aPWL
=516  //$5z$0Édite : $313953967$aEast West-Street Knowledge
=516  //$5z$0Édite : $313953968$aAtlantic-GMI
=516  //$5z$0Édite : $313930874$aRooArt
=516  //$5z$0Édite : $313877562$aStax
=516  //$5z$0Édite : $313955126$aMotown-Rhino
=516  //$5z$0Édite : $313873663$aAnxious
=516  //$5z$0Édite : $313955127$aAtlantic-Atco
=516  //$5z$0Édite : $313955128$aEast West-Gini
=516  //$5z$0Édite : $313875633$aElektra-Sub Pop
=516  //$5z$0Édite : $313955129$aEast West-Mo Jam
=516  //$5z$0Édite : $313955130$aRooArt Australian
=516  //$5z$0Édite : $313949540$aWarner Bros-Loka
=516  //$5z$0Édite : $313877441$aSire-Reprise
=516  //$5z$0Édite : $313955529$aWea-Some Bizzare
=516  //$5z$0Édite : $313955531$aElektra-Keia
=516  //$5z$0Édite : $313955538$aRed Dot
=516  //$5z$0Édite : $313955539$aSire-Reprise-Maverick
=516  //$5z$0Édite : $313873762$aAsylum records
=516  //$5z$0Édite : $313876055$aKorova
=516  //$5z$0Édite : $313876673$aNonesuch
=516  //$5z$0Édite : $313876788$aPaisley Park
=516  //$5z$0Édite : $313877057$aReprise-Qwest
=516  //$5z$0Édite : $313875171$aDuck
=516  //$5z$0Édite : $313876370$aMegaforce Worldwide
=516  //$5z$0Édite : $313875705$aInterscope-Death Row
=516  //$5z$0Édite : $313875707$aAtlantic-Big Beat
=516  //$5z$0Édite : $313875724$aEast West-Mammoth
=516  //$5z$0Édite : $313875764$aEast West-GMC
=516  //$5z$0Édite : $313875767$aEast West-Bronze
=516  //$5z$0Édite : $313875769$aWaxworld
=516  //$5z$0Édite : $313876405$aReprise-Giant Step
=516  //$5z$0Édite : $313876516$aAtlantic-IMS
=516  //$5z$0Édite : $313876527$aAtlantic-Nelson Larkin
=516  //$5z$0Édite : $313956045$aAtlantic Rhino
=516  //$5z$0Édite : $313876537$aRhino-Atco
=516  //$5z$0Édite : $313876540$aAtlantic-Blitzz
=516  //$5z$0Édite : $313964750$aWEA-Korova
=516  //$5z$0Édite : $313876933$aWEA-Telegram-MVG
=516  //$5z$0Édite : $313965018$aElektra-Asylum
=516  //$5z$0Édite : $313965530$aSpider
=516  //$5z$0Édite : $313965593$aMagnet-Fxu
=516  //$5z$0Édite : $313966128$aWea-Mvg-Telegraph
=516  //$5z$0Édite : $313877394$aEast West America
=516  //$5z$0Édite : $313877681$aEast west-Delicious vinyl
=516  //$5z$0Édite : $313877408$aDelicious vinyl
=516  //$5z$0Édite : $313877711$aEast west-Telegram
=516  //$5z$0Édite : $313877409$aAtlantic-Big beat-Assault
=516  //$5z$0Édite : $313877413$aAtlantic-Icon
=516  //$5z$0Édite : $313877424$aAtlantic-Interscope-Tnt
=516  //$5z$0Édite : $313877429$aEye
=516  //$5z$0Édite : $313877449$aAutarc
=516  //$5z$0Édite : $313877454$aDro
=516  //$5z$0Édite : $313877616$aChina-Psycho
=516  //$5z$0Édite : $313877627$aElektra-Mötley
=516  //$5z$0Édite : $313967944$aEast West-Tommy Boy
=516  //$5z$0Édite : $313967985$aEast West-Code blue
=516  //$5z$0Édite : $313967990$aAtlantic-Interscope-Nothing
=516  //$5z$0Édite : $313957208$aEye Q
=516  //$5z$0Édite : $313968220$aWB-Western
=516  //$5z$0Édite : $313877233$aAtlantic-Interscope-ZTT
=516  //$5z$0Édite : $313969345$aEastern Bloc
=516  //$5z$0Édite : $313877262$aAtlantic-Interscope-Noise amphetamine reptile
=516  //$5z$0Édite : $313969371$aAtlantic-Mammoth
=516  //$5z$0Édite : $313969372$aEast West-Trevel
=516  //$5z$0Édite : $313969373$aAtlantic-North South
=516  //$5z$0Édite : $313877299$7ba0yba0y$8fre   $aEast West-CGD
=516  //$5z$0Édite : $313964073$aAtlantic-143
=516  //$5z$0Édite : $313969782$aMatador
=516  //$5z$0Édite : $313970497$aReprise-Qwest-Joke
=516  //$5z$0Édite : $313875244$aElektra-Musician
=516  //$5z$0Édite : $313971550$aChina-Equation
=516  //$5z$0Édite : $313971551$aWB-Unplugged
=516  //$5z$0Édite : $313927107$aAtlantic-Anthem
=516  //$5z$0Édite : $313971561$aWEA-Spacejunk
=516  //$5z$0Édite : $313972422$aAtlantic-Big Screen
=516  //$5z$0Édite : $313974629$aAtlantic-Interscope-Trauma
=516  //$5z$0Édite : $313974630$aEast West-Mecca Don
=516  //$5z$0Édite : $313974635$aAtlantic-East West-Mo Jam
=516  //$5z$0Édite : $313974639$aAtlantic-Select
=516  //$5z$0Édite : $313975042$aEast West-MVG
=516  //$5z$0Édite : $313975360$aElektra-Swell
=516  //$5z$0Édite : $313975363$aSire-Maverick-Lifestyles
=516  //$5z$0Édite : $313975406$aLabello
=516  //$5z$0Édite : $313975407$aIcon
=516  //$5z$0Édite : $313975408$aEast West-Skene
=516  //$5z$0Édite : $313976390$aWB-Graphics
=516  //$5z$0Édite : $313976590$aWEA-N Gram
=516  //$5z$0Édite : $313976625$aAtlantic-Rising Storm
=516  //$5z$0Édite : $313976642$aInterscope-Trauma
=516  //$5z$0Édite : $313977305$aAtlantic-Celtic Heartbeat
=516  //$5z$0Édite : $313977460$aAtlantic-East West
=516  //$5z$0Édite : $313977461$aEast West-Flaw
=516  //$5z$0Édite : $313977484$aEast West-Perfecto
=516  //$5z$0Édite : $313977526$aAtco-Modern
=516  //$5z$0Édite : $313977702$aReprise Archives
=516  //$5z$0Édite : $313875436$aFinlandia
=516  //$5z$0Édite : $313876552$aMusicraft
=516  //$5z$0Édite : $313978307$aMaverick-Reprise
=516  //$5z$0Édite : $313978313$aSquint
=516  //$5z$0Édite : $313977457$aEast West-Orlando
=516  //$5z$0Édite : $313974652$aPublic Demand
=516  //$5z$0Édite : $313875129$aDiscovery
=516  //$5z$0Édite : $313952909$aDebut
=516  //$5z$0Édite : $313875554$aGalaxy
=516  //$5z$0Édite : $313936493$aArs
=516  //$5z$0Édite : $313977699$aDownbeat
=516  //$5z$0Édite : $313979232$aAtlantic-Tag
=516  //$5z$0Édite : $313979356$aAtlantic-Interscope-Lexington House
=516  //$5z$0Édite : $313979402$aEast West-Blanco Y Negro
=516  //$5z$0Édite : $313979403$aEast West-Atlantic & Atco-Rhino
=516  //$5z$0Édite : $313979404$aAtlantic-Island
=516  //$5z$0Édite : $313979407$aEast West-Geto Groove
=516  //$5z$0Édite : $313979408$aAtlantic-Fox
=516  //$5z$0Édite : $313977481$aContinental
=516  //$5z$0Édite : $313980213$aMaad-Dance Syndicate
=516  //$5z$0Édite : $313980214$aWB-Maverick
=516  //$5z$0Édite : $313980222$aNonesuch-Roxbury
=516  //$5z$0Édite : $313980227$aWEA-Dig it International-Eternal
=516  //$5z$0Édite : $313980228$aWB-Upstairs
=516  //$5z$0Édite : $313981404$aWB-Metal Blade
=516  //$5z$0Édite : $313981461$aWEA-Club Culture
=516  //$5z$0Édite : $313931373$aMusifrance
=516  //$5z$0Édite : $313982678$aWarner Bros-Nonesuch
=516  //$5z$0Édite : $313982682$aWEA-Warner Music Brasil
=516  //$5z$0Édite : $313982766$aWarner Bros-Malpaso
=516  //$5z$0Édite : $313982801$aEast West-Autarc
=516  //$5z$0Édite : $313982803$aEast West-Elektra
=516  //$5z$0Édite : $313982804$aEast West-DRO
=516  //$5z$0Édite : $313982805$aLabello-PWL
=516  //$5z$0Édite : $313982821$aAcid Jazz-Roots
=516  //$5z$0Édite : $313982822$aAcid Jazz-East West
=516  //$5z$0Édite : $313982823$7ba0yba0y$8fre   $aLava
=516  //$5z$0Édite : $313876369$7ba0yba0y$8fre   $aMega$cDanemark
=516  //$5z$0Édite : $313975365$aEmbryo
=516  //$5z$0Édite : $313984393$aDownbeat jungle
=516  //$5z$0Édite : $313984524$aMega-Smart
=516  //$5z$0Édite : $313984556$aWarner Bros-NPG
=516  //$5z$0Édite : $313984558$aElektra-Wu Tang
=516  //$5z$0Édite : $313984560$aWEA-Roslan Aziz
=516  //$5z$0Édite : $313988661$aDali
=516  //$5z$0Édite : $313989573$aWea-Ferocious
=516  //$5z$0Édite : $313989581$aPremeditated
=516  //$5z$0Édite : $313989603$aClub Culture
=516  //$5z$0Édite : $313989680$aStax-Enterprise
=516  //$5z$0Édite : $313989682$aAtlantic-Lava-143
=516  //$5z$0Édite : $313989739$aPremeditated-Iceberg
=516  //$5z$0Édite : $313948157$aWea-ufo
=516  //$5z$0Édite : $313989747$aWarner Bros-Curb
=516  //$5z$0Édite : $313989933$aDig it international
=516  //$5z$0Édite : $313878160$aWEA-Mambo
=516  //$5z$0Édite : $313992107$aElektra-Violator-Flipmode
=516  //$5z$0Édite : $313992151$aEast West-Flavour unit
=516  //$5z$0Édite : $313992155$aHarthouse
=516  //$5z$0Édite : $313992156$a77 Productions-East West
=516  //$5z$0Édite : $313992158$aAtlantic-Big Beat-Nature
=516  //$5z$0Édite : $313992842$aUmd
=516  //$5z$0Édite : $313992885$aWB-Tattoo
=516  //$5z$0Édite : $313994200$aElektra-Marvelous
=516  //$5z$0Édite : $313994547$aAtlantic-Young Black Brotha
=516  //$5z$0Édite : $313995678$aWB-Quilombo
=516  //$5z$0Édite : $313995687$aTag-Igloo
=516  //$5z$0Édite : $313995692$aAtlantic-Be!
=516  //$5z$0Édite : $313995724$aEast West-FPM
=516  //$5z$0Édite : $313995734$aAtlantic-Code Blue
=516  //$5z$0Édite : $313995736$aAtlantic Classics
=516  //$5z$0Édite : $313996112$aWEA-Downbeat
=516  //$5z$0Édite : $313996119$aVapor
=516  //$5z$0Édite : $313996120$aWB-Black music-ol'skool
=516  //$5z$0Édite : $313996143$aDifferent Drummer
=516  //$5z$0Édite : $313996686$aSquad
=516  //$5z$0Édite : $313996687$aErmit
=516  //$5z$0Édite : $313998110$aWarner Bros-Imago
=516  //$5z$0Édite : $313998131$aWEA-Swe Mix
=516  //$5z$0Édite : $313998388$aAtlantic-Holiday
=516  //$5z$0Édite : $313999097$aWarner Sunset
=516  //$5z$0Édite : $313999275$aEast West-Henry Productions
=516  //$5z$0Édite : $314002440$aTelegram
=516  //$5z$0Édite : $314002457$aRound
=516  //$5z$0Édite : $314004689$aWarner Bros-Sunset
=516  //$5z$0Édite : $313997402$aPrimary
=516  //$5z$0Édite : $314014759$aNlon
=516  //$5z$0Édite : $314012648$aErato Detour
=516  //$5z$0Édite : $313877105$aDorado
=516  //$5z$0Édite : $314013055$aFilter
=516  //$5z$0Édite : $314020664$aAtlantic-Scratchie
=516  //$5z$0Édite : $314020761$aBG productions
=516  //$5z$0Édite : $314020762$aFuel
=516  //$5z$0Édite : $314024911$aHi fi recordings
=516  //$5z$0Édite : $314001249$7ba0yba0y$8fre   $aTôt ou tard
=516  //$5z$0Édite : $314012645$aIndochina
=516  //$5z$0Édite : $314013689$aCoalition
=516  //$5z$0Édite : $314013687$aChé
=516  //$5z$0Édite : $314013691$aScratchie
=516  //$5z$0Édite : $314026847$aViolator
=516  //$5z$0Édite : $314026904$aFlashback
=516  //$5z$0Édite : $314026929$aEssential recordings
=516  //$5z$0Édite : $314026945$aElektra-Squint
=516  //$5z$0Édite : $314027037$aDHR
=516  //$5z$0Édite : $314028266$aFreakstreet
=516  //$5z$0Édite : $314028506$aAhí-Namá
=516  //$5z$0Édite : $314029597$aFour faces communications
=516  //$5z$0Édite : $313946327$aFFRR-Acid Jazz
=516  //$5z$0Édite : $313876198$aLondon
=516  //$5z$0Édite : $313876203$aLondon-Slash
=516  //$5z$0Édite : $314029883$aGo feet records
=516  //$5z$0Édite : $314024366$aJuste pour rire
=516  //$5z$0Édite : $314033509$aWarner Sunset-Atlantic
=516  //$5z$0Édite : $313970581$aMaad
=516  //$5z$0Édite : $313970896$aAtlantic Street-First Priority
=516  //$5z$0Édite : $313874752$aChina
=516  //$5z$0Édite : $313988569$aWEA-Eternal
=516  //$5z$0Édite : $313988662$aMagneoton
=516  //$5z$0Édite : $313988663$aRed Hot-Kinetic
=516  //$5z$0Édite : $313991125$aElektra-Sire-Hifi
=801  //$aFR$bFR-751131015$c20040213

