=LDR  01032cx  b2200217   4500
=001  FRBNF138890500
=003  http://catalogue.bnf.fr/ark:/12148/cb13889050b
=005  20030312
=100  //$a19890601afrey50      ba0
=102  //$aFR
=105  //$ce$cs$cd$dg
=106  //$a1
=150  //$ay
=210  //$7ba0yba0y$8fre   $9 0 $aLivraphone
=300  0/$aProducteur, éditeur et distributeur phonographique d'oeuvres littéraires. - Société créée en 1986 par Arnaud Mathon. - Anciennes adresses (1986-2000) :  6 rue d'Alger, 75001 Paris. Tél. 42.96.54.32. Fax 42.96.09.56 puis 114 rue de la Croix Nivert, 75015 Paris. Tél. 01.48.28.89.19. Fax 01.48.28. 69.49. - Site Internet : http://www.livraphone.fr
=303  //$a119-121 rue Blomet, 75015 Paris
=410  //$7ba0yba0y$8fre   $9 1 $aLivraphone vox libri
=500  //$5z$314450090$7ba0yba0y$8fre   $9 0 $aMathon$bArnaud
=516  //$5z$0Edite et distribue : $313876179$aLivraphone
=516  //$5z$0Edite et distribue : $314039058$aLivraphone vox libri
=801  //$aFR$bFR-751131015$c20030312

