=LDR  00605cx  a2200217   4500
=001  FRBNF155519020
=003  http://catalogue.bnf.fr/ark:/12148/cb155519025
=005  20070727
=100  //$a20070727afrey50      ba0
=102  //$aUS
=103  //$a 19591008
=105  //$aa
=106  //$a1
=120  //$ab
=152  //$c2
=200  //$7ba0yba0y$8fre   $9 0 $aKatz$bStephen$f1959-....
=300  0/$aScénariste
=330  //$aNe pas confondre avec Katz, Stephen (1946-2005)
=801  //$aFR$bFR-751131015$c20070727
=810  //$aIMDB - http://us.imdb.com (2007-07-27)
=856  //$uhttp://us.imdb.com$e2007-07-27

