=LDR  00518cx  b2200193   4500
=001  FRBNF155137309
=003  http://catalogue.bnf.fr/ark:/12148/cb15513730h
=005  20070720
=100  //$a20070302afrey50      ba0
=102  //$aSE
=105  //$aa
=106  //$a1
=150  //$ay$bc6
=152  //$c2
=210  //$7ba0yba0y$8fre   $920 $aIdol FX AB
=300  0/$aDéveloppeur de jeux vidéo
=410  //$7ba0yba0y$8fre   $aIdol
=801  //$aFR$bFR-751131015$c20070720
=810  //$aFBI [Ressource électronique] : hostage rescue, 2004

