=LDR  00551cx  a2200217   4500
=001  FRBNF139397275
=003  http://catalogue.bnf.fr/ark:/12148/cb13939727w
=005  20061027
=010  //$a0000000051856942$2VIAF$d20130731
=100  //$a19910626afrey50      ba0
=102  //$aGB
=103  //$a 19031001  19890425
=105  //$ai
=106  //$a1
=120  //$ab
=152  //$c2
=200  //$7ba0yba0y$8fre   $9 0 $aCoulouris$bGeorge$f1903-1989
=300  0/$aActeur
=301  //$aManchester (GB)$bLondres
=801  //$aFR$bFR-751131015$c20061027
=810  //$aTulard

