=LDR  01027cx  j2200265   4500
=001  FRBNF119459723
=003  http://catalogue.bnf.fr/ark:/12148/cb119459727
=005  20131010
=039  //$oOPL$a001709727
=100  //$a19820527afrey50      ba0
=106  //$a211
=152  //$brameau$c2
=250  //$7ba0yba0y$8fre   $aVampires
=450  //$7ba0yba0y$8fre   $9  2$aGoules
=450  //$7ba0yba0y$8fre   $aStriges
=450  //$7ba0yba0y$8fre   $aStryges
=450  //$7ba0yba0y$8fre   $aVampirisme
=550  //$5g$311942298$7ba0yba0y$8fre   $9  2$aFantômes
=580  /0$5z$0Voir aussi$311931407$7ba0yba0y$8fre   $9  2$aFilms de vampires
=686  //$a391$2Note de regroupement par domaine
=801  //$aFR$bFR-751131015$c20131010
=810  //$aGrand Larousse universel$aTrésor de la langue française
=822  12$aVampires$2RVMLaval$d2013-10-10
=822  1/$aGhouls and ogres$2LCSH$uhttp://id.loc.gov/authorities/subjects/sh85054826$d2017-02-09
=822  12$aVampires$2LCSH$uhttp://id.loc.gov/authorities/subjects/sh85141948$d2017-02-09

