=LDR  00623cx  a2200205   4500
=001  FRBNF146763424
=003  http://catalogue.bnf.fr/ark:/12148/cb14676342d
=005  20141124
=100  //$a20050825afrey50      ba0
=101  //$afre
=102  //$aFR
=103  //$a 19..
=105  //$ac$aa
=106  //$a1
=120  //$aa
=200  //$7ba0yba0y$8fre   $9 1 $aDeratte$bLaure$f19..-....
=300  0/$aScénographe
=510  //$5xxxk$0Membre de : $316151343$7ba0yba0y$8fre   $920 $aCompagnie Médiane
=801  //$aFR$bFR-751131015$c20141124
=810  //$aMémopéra (En ligne : http://www.memopera.fr/), consulté le 15/03/2013

