=LDR  01278cx  a2200325   4500
=001  FRBNF146911079
=003  http://catalogue.bnf.fr/ark:/12148/cb14691107j
=005  20071016
=010  //$a0000000078440445$2VIAF$d20130802
=100  //$a20050825afrey50      ba0
=102  //$aUS
=103  //$a 18770219  19610425
=105  //$aa
=106  //$a1
=120  //$ab
=152  //$c2
=200  //$7ba0yba0y$8fre   $9 0 $aMelford$bGeorge$f1877-1961
=300  0/$aRéalisateur
=530  //$5z$0Réalisateur de : $316474928$aGoing crooked (film)
=530  //$5z$0Réalisateur de : $316472958$aPoor millionaire (film)
=530  //$5z$0Réalisateur de : $316461914$aThe Great Impersonation (film)
=530  //$5z$0Réalisateur de : $316460783$aThe light that failed (film ; 1923)
=530  //$5z$0Réalisateur de : $316460076$aThe Fighting hope (film)
=530  //$5z$0Réalisateur de : $316459802$aThe sheik (film)
=530  //$5z$0Réalisateur de : $316459732$aEverywoman (film)
=530  //$5z$0Réalisateur de : $316459130$aA Scarlet week-end (film)
=530  //$5z$0Réalisateur de : $314663844$aThe Charlatan (film)
=801  //$aFR$bFR-751131015$c20071016
=810  //$aIMDB - http://us.imdb.com (2007-10-16)
=856  //$uhttp://us.imdb.com/$e2007-10-16

