=LDR  02187cx  l2200301   4500
=001  FRBNF119770069
=003  http://catalogue.bnf.fr/ark:/12148/cb119770062
=005  20190624
=039  //$oOPL$a00213883X
=100  //$a19850702afrey50      ba0
=106  //$a201
=152  //$brameau$c2
=180  //$aa
=280  /0$7ba0yba0y$8fre   $aProgrammes
=305  1/$aVoir aussi la subdivision Calendriers aux collectivités, sports et sujets noms communs appropriés
=305  1/$aVoir aussi la subdivision de forme Programmes d'études aux collectivités (établissements d'enseignement) et sujets noms communs appropriés (genres et niveaux d'enseignement, d'éducation, etc.)
=330  //$aS'emploie uniquement en subdivision aux collectivités (congrès, partis politiques, syndicats, collectivités des arts du spectacles et du sport), compositions musicales, personnes (compositeurs, musiciens, artistes-interprètes, etc.), sports, titres (titres d'œuvres musicales ou scéniques) et sujets noms communs appropriés (concerts, congrès, élections, politiques publiques, compétitions sportives, etc.) pour des documents sur ces programmes, par ex. : Congrès international des orientalistes (29 ; 1973 ; Paris) -- Programmes ; Piano, Musique de -- Programmes ; Terrasson, Jacky (1965-….) – Programmes ; Hugo, Victor (1802-1885). Hernani -- Programmes
=330  //$aNe pas employer aux établissements d'enseignement ni aux vedettes du domaine de l'éducation
=580  /0$5z$0Voir aussi$311961551$7ba0yba0y$8fre   $aCalendriers
=580  /0$5z$0Voir aussi$311955160$7ba0yba0y$8fre   $aProgrammes d'études
=686  //$a320$cSciences politiques$2Note de regroupement par domaine
=686  //$a790$cSpectacles et loisirs (généralités)$2Note de regroupement par domaine
=686  //$a793$cJeux$2Note de regroupement par domaine
=801  //$aFR$bFR-751131015$c20190624
=810  //$aGrand Larousse universel$aGrand Robert de la langue française, 2001
=822  12$aProgrammes$2RVMLaval$d2013-05-29
=822  1/$aPlatforms$2LCSH$uhttp://id.loc.gov/authorities/subjects/sh99001676$d2017-02-09
=822  1/$aPrograms$2LCSH$uhttp://id.loc.gov/authorities/subjects/sh93005169$d2017-02-09

