=LDR  00662cx  a2200217   4500
=001  FRBNF16166678X
=003  http://catalogue.bnf.fr/ark:/12148/cb16166678f
=005  20121210
=010  //$a0000000110800544$2VIAF$d20130807
=100  //$a20091217afrey50      ba0
=101  //$aeng
=102  //$aXX
=103  //$a 19..
=105  //$aa
=106  //$a1
=120  //$ab
=152  //$c2
=200  //$7ba0yba0y$8fre   $9 0 $aStoker$bDacre
=300  0/$aRomancier. - Membre de: "Transylvanian society of Dracula", et de: "Horror writers' asociation" (en 2012)
=801  //$aFR$bFR-751131015$c20121210
=810  //$aDracula l'immortel / Dacre Stoker et Ian Holt, DL 2009

