=LDR  02494cx  l2200517   4500
=001  FRBNF119758323
=003  http://catalogue.bnf.fr/ark:/12148/cb11975832b
=005  20210920
=039  //$oOPL$a002121303
=039  //$oOPL$a001641703
=039  //$oOPP$a11940951$d20210730
=100  //$a19850702afrey50      ba0
=106  //$a201
=152  //$brameau$c2
=180  //$aa
=280  /0$7ba0yba0y$8fre   $aIllustrations
=330  //$aS'emploie également en subdivision
=480  /0$7ba0yba0y$8fre   $aDocuments iconographiques
=480  /0$7ba0yba0y$8fre   $aIllustrations, images, etc.
=480  /0$7ba0yba0y$8fre   $aImages
=550  //$5z$0Voir aussi$311935759$7ba0yba0y$8fre   $aBibles en images
=550  //$5z$0Voir aussi$312204359$7ba0yba0y$8fre   $aBibliothèques et illustrations
=550  //$5z$0Voir aussi$311932091$7ba0yba0y$8fre   $aIllustration des livres
=550  //$5h$316074755$7ba0yba0y$8fre   $aIllustrations en historiographie
=550  //$5h$316610709$7ba0yba0y$8fre   $aIllustrations en sciences
=550  //$5h$312149848$7ba0yba0y$8fre   $aImagerie populaire
=550  //$5h$312527132$7ba0yba0y$8fre   $aPlaques pour projection
=550  //$5h$311945946$7ba0yba0y$8fre   $aTransparents
=580  /0$5z$0Voir aussi$312010336$7ba0yba0y$8fre   $aPhotographies
=580  /0$5z$0Voir aussi$313318510$7ba0yba0y$8fre   $aLivres illustrés
=580  /0$5z$0Voir aussi$311975813$7ba0yba0y$8fre   $aOuvrages illustrés
=580  /0$5h$313543993$7ba0yba0y$8fre   $aVues aériennes
=580  /0$5h$312103379$7ba0yba0y$8fre   $aBanques d'images
=580  /0$5h$311936063$7ba0yba0y$8fre   $aCaricatures et dessins humoristiques
=580  /0$5h$311931120$7ba0yba0y$8fre   $aCartes à jouer
=580  /0$5h$312289358$7ba0yba0y$8fre   $aCartes illustrées
=580  /0$5h$311949215$7ba0yba0y$8fre   $aCartes postales
=580  /0$5h$314610852$7ba0yba0y$8fre   $aIllustrations pour la jeunesse
=580  /0$5h$311965688$7ba0yba0y$8fre   $aLivres d'images
=580  /0$5h$311953343$7ba0yba0y$8fre   $aVues topographiques
=686  //$a740$cDessin, arts décoratifs, artisanat d'art$2Note de regroupement par domaine
=801  //$aFR$bFR-751131015$c20210920
=822  12$aIllustrations$2LCSH$uhttp://id.loc.gov/authorities/subjects/sh99001255$d2021-07-30
=822  12$aPictures$2LCSH$uhttp://id.loc.gov/authorities/subjects/sh85102012$d2021-07-30
=822  12$aIllustrations, images, etc.$2RVMLaval$d2021-07-30
=822  12$aIllustrations$2RVMLaval$d2021-07-30

