=LDR  00913cx  b2200241   4500
=001  FRBNF138904569
=003  http://catalogue.bnf.fr/ark:/12148/cb13890456j
=005  20040920
=010  //$a0000000121626641$2ISNI$d20150313
=100  //$a19890601afrey50      ba0
=102  //$aFR
=105  //$ce$cd$ca$dh$cp$dr
=106  //$a1
=150  //$ay$bc9
=210  //$7ba0yba0y$8fre   $920 $aWarner home video France
=303  //$a67 av. de Wagram, 75017 Paris
=516  //$5z$0Édite : $313877421$7ba0yba0y$8fre   $aSIGMARC
=516  //$5z$0Édite : $313877531$7ba0yba0y$8fre   $aSpectrum
=516  //$5z$0Edite et distribue : $313878136$7ba0yba0y$8fre   $aWarner home video
=516  //$5z$0Distribue : $313875257$7ba0yba0y$8fre   $aEmbassy home entertainment
=516  //$5z$0Distribue : $313963942$7ba0yba0y$8fre   $aTF1 vidéo
=801  //$aFR$bFR-751131015$c20040920
=856  //$uhttp://www.warner-home-video.fr$e2001-10-17

