=LDR  00774cx  b2200217   4500
=001  FRBNF140332082
=003  http://catalogue.bnf.fr/ark:/12148/cb14033208c
=005  20091224
=100  //$a20000727afrey50      ba0
=102  //$aFR
=103  //$a 199908
=105  //$aa$ce$cd$ca$dh$dr$cp
=106  //$a1
=150  //$ay$bb6
=210  //$7ba0yba0y$8fre   $920 $aUniversal pictures vidéo France SA
=300  0/$aRemplace Polygram vidéo en août 1999
=303  //$a20 rue Hamelin, 75016 Paris
=303  //$aAncienne adresse : avenue Maurice-Ravel, BP 104, 92164 Antony Cedex
=510  //$5a$0Avant août 1999, voir$313889663$7ba0yba0y$8fre   $920 $aPolygram vidéo
=801  //$aFR$bFR-751131015$c20091224
=810  //$aKapital New York city. Universal pictures vidéo, 2002

