=LDR  00937cx  b2200265   4500
=001  FRBNF139058638
=003  http://catalogue.bnf.fr/ark:/12148/cb13905863f
=005  20070612
=010  //$a0000000123084612$2VIAF$d20130731
=100  //$a19890601afrey50      ba0
=102  //$aDE
=103  //$a 1969
=105  //$aa$ai
=106  //$a1
=150  //$ay$bv8
=152  //$c2
=210  //$7ba0yba0y$8fre   $920 $aPopol Vuh
=300  0/$aGroupe de rock progressif
=303  //$aMunich (Allemagne)
=307  //$aFricke, Florian$aFielder, Frank$aTrulksch, Holger$aEliscu, Robert$aFischlescher, Daniel
=500  //$5z$0A pour membre : $314051210$7ba0yba0y$8fre   $9 0 $aFricke$bFlorian$f1944-2001
=801  //$aFR$bFR-751131015$c20070612
=810  //$aMusic for relaxation concentration meditation [Enregistrement sonore]. Milan MC846909
=810  //$aAMG - http://allmusic.com (2000-07-31)
=856  //$uhttp://allmusic.com$e2000-07-31

