=LDR  00987cx  l2200241   4500
=001  FRBNF119314076
=003  http://catalogue.bnf.fr/ark:/12148/cb119314077
=005  20150402
=039  //$oOPL$a00152072X
=100  //$a19830301afrey50      ba0
=106  //$a211
=152  //$brameau$c2
=180  //$ab
=280  /0$7ba0yba0y$8fre   $aFilms de vampires
=480  /0$7ba0yba0y$8fre   $aCinéma de vampires
=480  /0$7ba0yba0y$8fre   $aVampires$xFilms
=550  //$5z$0Voir aussi$311945972$7ba0yba0y$8fre   $aVampires
=580  /0$5g$311980577$7ba0yba0y$8fre   $aFilms d'horreur
=686  //$a791$cAudiovisuel$2Note de regroupement par domaine
=801  //$aFR$bFR-751131015$c20150402
=810  //$aLe miroir obscur : une hist. du cinéma des vampires / S. du Mesnildot, 2013$aLouis Feuillade : maître des lions et des vampires / F. Lacassin, 1995
=822  12$aFilms de vampires$2RVMLaval$d2015-04-02
=822  1/$aVampire films$2LCSH$uhttp://id.loc.gov/authorities/subjects/sh85141947$d2017-02-09

