=LDR  00619cx  a2200205   4500
=001  FRBNF133438103
=003  http://catalogue.bnf.fr/ark:/12148/cb133438105
=005  20090818
=010  //$a0000000385239039$2ISNI$d20160215
=039  //$oOPL$a014173941
=100  //$a19981211afrey50      ba0
=101  //$afre$teng
=102  //$aFR
=103  //$a 19..
=105  //$aa
=106  //$a1
=120  //$aa
=200  //$7ba0yba0y$8fre   $9 0 $aJouve$bMichèle$f19..-....$cangliciste
=801  //$aFR$bFR-751131015$c20090818
=810  //$aPetits plaisirs de Noël / Mary Norden ; [trad.-adapt. par Michèle et Franck Jouve], 2001

