=LDR  00612cx  a2200193   4500
=001  FRBNF139382992
=003  http://catalogue.bnf.fr/ark:/12148/cb139382994
=005  20090505
=039  //$oOPP$a14684263$d20080502
=100  //$a19910528afrey50      ba0
=102  //$aFR
=103  //$a 19..
=105  //$ai
=106  //$a1
=120  //$ab
=200  //$7ba0yba0y$8fre   $9 0 $aHérisson$bPhilippe
=300  0/$aActeur
=801  //$aFR$bFR-751131015$c20090505
=810  //$aAtala [Enregistrement sonore] / Chateaubriand ; Gérard Keindo, Jean-Pierre Lituac, Evelyne Lecucq, Philippe Hérisson, voix.- Livraphone LIV168

