=LDR  03165cx  l2200637   4500
=001  FRBNF162422739
=003  http://catalogue.bnf.fr/ark:/12148/cb16242273d
=005  20211206
=100  //$a20101105afrey50      ba0
=106  //$a201
=152  //$brameau$c2
=180  //$ab
=280  /0$7ba0yba0y$8fre   $aFilms de fiction
=330  //$aS'emploie également en subdivision
=480  /0$7ba0yba0y$8fre   $aCinéma de fiction
=480  /0$7ba0yba0y$8fre   $aFictions (films)
=480  /0$7ba0yba0y$8fre   $aFictions cinématographiques
=580  /0$5h$312518788$7ba0yba0y$8fre   $aComédies (cinéma)
=580  /0$5h$316016207$7ba0yba0y$8fre   $aDocufictions
=580  /0$5h$312167646$7ba0yba0y$8fre   $aFilms-catastrophes
=580  /0$5h$312288995$7ba0yba0y$8fre   $aFilms à épisodes
=580  /0$5h$311953281$7ba0yba0y$8fre   $aFilms biographiques
=580  /0$5h$317984606$7ba0yba0y$8fre   $aFilms d'action
=580  /0$5h$314548979$7ba0yba0y$8fre   $aFilms d'amour
=580  /0$5h$312549607$7ba0yba0y$8fre   $aFilms d'animation
=580  /0$5h$312100752$7ba0yba0y$8fre   $aFilms d'aventures
=580  /0$5h$311979963$7ba0yba0y$8fre   $aFilms d'espionnage
=580  /0$5h$316740656$7ba0yba0y$8fre   $aFilms d'exploitation
=580  /0$5h$311980577$7ba0yba0y$8fre   $aFilms d'horreur
=580  /0$5h$317917244$7ba0yba0y$8fre   $aFilms de fantasy
=580  /0$5h$311982506$7ba0yba0y$8fre   $aFilms de guerre
=580  /0$5h$316938536$7ba0yba0y$8fre   $aFilms de rednecks
=580  /0$5h$311931406$7ba0yba0y$8fre   $aFilms de science-fiction
=580  /0$5h$316669055$7ba0yba0y$8fre   $aFilms de série
=580  /0$5h$311963477$7ba0yba0y$8fre   $aFilms de série B
=580  /0$5h$314449645$7ba0yba0y$8fre   $aFilms dramatiques
=580  /0$5h$314415345$7ba0yba0y$8fre   $aFilms épiques
=580  /0$5h$311931267$7ba0yba0y$8fre   $aFilms érotiques
=580  /0$5h$311938015$7ba0yba0y$8fre   $aFilms fantastiques
=580  /0$5h$311975317$7ba0yba0y$8fre   $aFilms historiques
=580  /0$5h$311961594$7ba0yba0y$8fre   $aFilms musicaux
=580  /0$5h$315903436$7ba0yba0y$8fre   $aFilms noirs américains
=580  /0$5h$312082949$7ba0yba0y$8fre   $aFilms pornographiques
=580  /0$5h$312303041$7ba0yba0y$8fre   $aMélodrames (cinéma)
=580  /0$5h$312242774$7ba0yba0y$8fre   $aRemakes (cinéma)
=580  /0$5h$313170590$7ba0yba0y$8fre   $aRoad movies
=580  /0$5h$316741842$7ba0yba0y$8fre   $aWebfictions
=580  /0$5h$311946175$7ba0yba0y$8fre   $aWesterns
=580  /0$5g$311936118$7ba0yba0y$8fre   $aCinéma
=686  //$a791$cAudiovisuel$2Note de regroupement par domaine
=801  //$aFR$bFR-751131015$c20211206
=810  //$aTrésor de la langue française (art. : Fiction)
=810  //$aVocabulaire technique du cinéma / V. Pinel, 1996 (art. : Fiction)$aCiné-ressources : le catalogue collectif des bibliothèques et archives de cinéma - http://www.cineressources.net (2015-03-31)
=822  12$aFiction films$2LCSH$uhttp://id.loc.gov/authorities/subjects/sh2007006500$d2021-12-06
=822  12$aFilms de fiction$2RVMLaval$d2021-12-06
=856  //$uhttp://www.cineressources.net$e2015-03-31

