=LDR  00734cx  a2200205   4500
=001  FRBNF14623074X
=003  http://catalogue.bnf.fr/ark:/12148/cb14623074f
=005  20050602
=010  //$a000000000323564X$2ISNI$d20150312
=100  //$a20050422afrey50      ba0
=101  //$afre
=102  //$aFR
=103  //$a 19770413
=105  //$aa
=106  //$a1
=120  //$aa
=200  //$7ba0yba0y$8fre   $9 0 $aDeschamps$bFanny$f1977-....
=300  0/$aProfesseur de français et responsable du service éducatif du Musée départemental des antiquités de Rouen (en 2004)
=801  //$aFR$bFR-751131015$c20050602
=810  //$aLire l'image au collège et au lycée en cours de français : images fixes et images mobiles / Fanny Deschamps, 2004

