=LDR  00690cx  a2200229   4500
=001  FRBNF120567500
=003  http://catalogue.bnf.fr/ark:/12148/cb12056750d
=005  20161201
=010  //$a0000000073585100$2VIAF$d20130724
=039  //$oOPL$a003729447
=100  //$a19840420afrey50      ba0
=101  //$afre
=102  //$aFR
=103  //$a 19570521
=105  //$aa
=106  //$a1
=120  //$ab
=200  //$7ba0yba0y$8fre   $9 0 $aChatain$bJean-Noël$f1957-....
=300  0/$aTraduit de l'anglais en français
=801  //$aFR$bFR-751131015$c20161201
=810  //$aTrois témoins qui lui voulaient de bien / S. Radley ; trad. par J.-N. Chatain, 1989
=815  //$aBN Cat. gén. 1970-1979

