=LDR  02207cx  l2200433   4500
=001  FRBNF119458219
=003  http://catalogue.bnf.fr/ark:/12148/cb119458212
=005  20220530
=039  //$oOPL$a001707758
=100  //$a19830131afrey50      ba0
=106  //$a211
=152  //$brameau$c2
=180  //$ab
=280  /0$7ba0yba0y$8fre   $aLittérature d'épouvante
=305  1/$aVoir aussi les vedettes du type Littérature d'épouvante [adjectif de langue, de nationalité ou géographique]
=330  //$aSous cette vedette, on trouve les recueils de littérature d'épouvante de divers pays ou en diverses langues
=480  /0$7ba0yba0y$8fre   $aÉpouvante, Récits d'
=480  /0$7ba0yba0y$8fre   $aGore (littérature)
=480  /0$7ba0yba0y$8fre   $aGothic revival (littérature)
=480  /0$7ba0yba0y$8fre   $aHistoire épouvantables
=480  /0$7ba0yba0y$8fre   $aHorreur, Récits d'
=480  /0$7ba0yba0y$8fre   $aRécits d'épouvante
=480  /0$7ba0yba0y$8fre   $aRécits d'horreur
=480  /0$7ba0yba0y$8fre   $aRécits de terreur
=480  /0$7ba0yba0y$8fre   $aRoman d'épouvante
=480  /0$7ba0yba0y$8fre   $aTerreur, Récits de
=550  //$5z$0Voir aussi$312249836$7ba0yba0y$8fre   $aHorreur
=580  /0$5z$0Voir aussi$311952413$7ba0yba0y$8fre   $aLittérature fantastique
=580  /0$5z$0Voir aussi$311933945$7ba0yba0y$8fre   $aRoman gothique
=580  /0$5h$318017005$7ba0yba0y$8fre   $aBandes dessinées d'épouvante
=580  /0$5h$312181266$7ba0yba0y$8fre   $aThéâtre d'épouvante
=580  /0$5g$311939456$7ba0yba0y$8fre   $aLittérature
=686  //$a801$cPoésie$2Note de regroupement par domaine
=801  //$aFR$bFR-751131015$c20220530
=810  //$aGrand Robert de la langue française, 2001 (art. : Épouvante)
=810  //$aL'art de faire peur : des récits légendaires aux films d'horreur / M. Roberge, 2004$aDict. des termes littéraires, 2005 (art. : Roman gothique) : roman d'épouvante
=822  12$aHorror tales$2LCSH$uhttp://id.loc.gov/authorities/subjects/sh85062084$d2022-05-30
=822  12$aRécits d'horreur$2RVMLaval$d2022-05-30
=822  14$aGothic revival (Literature)$2LCSH$uhttp://id.loc.gov/authorities/subjects/sh85055998$d2022-05-30

