=LDR  01400cx  l2200277   4500
=001  FRBNF178630115
=003  http://catalogue.bnf.fr/ark:/12148/cb178630114
=005  20220524
=100  //$a20200123afrey50      ba0
=106  //$a211
=152  //$brameau$c2
=180  //$ab
=280  /0$7ba0yba0y$8fre   $aRoman fantastique
=300  1/$aSous cette vedette, on trouve les recueils de romans fantastiques de divers pays ou en diverses langues
=305  1/$aVoir aussi les vedettes du type Roman fantastique [adjectif de langue, de nationalité ou géographique]
=480  /0$7ba0yba0y$8fre   $aFantastique, Roman
=580  /0$5h$318011246$7ba0yba0y$8fre   $aRoman fantastique pour la jeunesse
=580  /0$5g$311952413$7ba0yba0y$8fre   $aLittérature fantastique
=580  /0$5g$311940505$7ba0yba0y$8fre   $aRoman
=686  //$a801$cPoésie$2Note de regroupement par domaine
=801  //$aFR$bFR-751131015$c20220524
=810  //$aTrésor de la langue française (art. : Fantastique) - http://atilf.atilf.fr (2020-01-27)
=810  //$aLe dict. du littéraire / P. Aron, D. Saint-Jacques, A. Viala, 2012 (art. : Science-fiction)$aDict. universel des littératures / B. Didier, 1994 (art. : Science-fiction)
=822  15$aFantasy$2LCSH$uhttp://id.loc.gov/authorities/childrensSubjects/sj2001010209$d2022-05-24
=822  12$aRoman fantastique$2RVMLaval$d2022-05-24
=856  //$uhttp://atilf.atilf.fr$e2020-01-27

