=LDR  00812cx  a2200253   4500
=001  FRBNF137423860
=003  http://catalogue.bnf.fr/ark:/12148/cb13742386g
=005  20050413
=010  //$a0000000081161236$2VIAF$d20130731
=039  //$oOPL$a015648622
=100  //$a20010831afrey50      ba0
=101  //$aeng
=102  //$aUS
=103  //$a 19..
=105  //$aa
=106  //$a1
=120  //$aa
=152  //$c2
=200  //$7ba0yba0y$8fre   $9 0 $aBelford$bBarbara
=300  0/$aProfesseur de journalisme, Columbia university's Graduate school of journalism, New York (en 1996)
=801  //$aFR$bFR-751131015$c20050413
=810  //$aOscar Wilde : a certain genius / Barbara Belford, cop. 2000
=810  //$aLCNA - http://authorities.loc.gov (2005-04-07)
=856  //$uhttp://authorities.loc.gov$e2005-04-07

