=LDR  00855cx  a2200229   4500
=001  FRBNF15547545X
=003  http://catalogue.bnf.fr/ark:/12148/cb15547545k
=005  20070711
=010  //$a000000000188825X$2VIAF$d20130806
=100  //$a20070711afrey50      ba0
=101  //$afre
=102  //$aFR
=103  //$a 19541106
=105  //$aa
=106  //$a1
=120  //$ab
=200  //$7ba0yba0y$8fre   $9 0 $aSirgent$bJacques$f1954-....
=300  0/$aEnseignant. - Journaliste. - Propriétaire du Musée des vampires aux Lilas, Seine-Saint-Denis (ouvert en 2005)
=801  //$aFR$bFR-751131015$c20070711
=810  //$aLe tombeau de Drakula / Jacques Sirgent, DL 2006
=810  //$aInternet - http://www.linternaute.com/video/week-end/le-musee-des-vampires (2007-07-11)
=856  //$uhttp://www.linternaute.com/video/week-end/le-musee-des-vampires/$e2007-07-11

