=LDR  00622cx  a2200205   4500
=001  FRBNF119124422
=003  http://catalogue.bnf.fr/ark:/12148/cb11912442k
=005  19891228
=010  //$a0000000110320540$2VIAF$d20130724
=039  //$oOPL$a001024495
=100  //$a19770621afrey50      ba0
=101  //$afre
=102  //$aFR
=103  //$a 1946
=105  //$aa
=106  //$a1
=200  //$7ba0yba0y$8fre   $9 0 $aLenne$bGérard$f1946-....
=300  0/$aCritique de cinéma
=801  //$aFR$bFR-751131015$c19891228
=810  //$aBlake, Jacobs et Mortimer / G. Lenne, 1988$aHistoires du cinéma fantastique / G. Lenne, 1989

