=LDR  00720cx  a2200217   4500
=001  FRBNF148943855
=003  http://catalogue.bnf.fr/ark:/12148/cb14894385z
=005  20070326
=010  //$a0000000003528725$2VIAF$d20130802
=100  //$a20061016afrey50      ba0
=102  //$aFR
=103  //$a 19..
=105  //$aa
=106  //$a1
=120  //$ab
=200  //$7ba0yba0y$8fre   $9 0 $aGauriat$bVincent
=300  0/$aGraphiste
=801  //$aFR$bFR-751131015$c20070326
=810  //$aLe faisan d'or, un film de Marat Sarulu [Image fixe] : [affiche] / Vincent Gauriat, 2003
=810  //$aVincent Gauriat Portfolio - http://www.vgauriat.com/index.html (2007-02-08)
=856  //$uhttp://www.vgauriat.com/index.html$e2007-02-08

