=LDR  00848cx  a2200217   4500
=001  FRBNF139382946
=003  http://catalogue.bnf.fr/ark:/12148/cb13938294d
=005  20131228
=010  //$a0000000001460261$2VIAF$d20130731
=100  //$a19910528afrey50      ba0
=102  //$aFR
=103  //$a 19..
=105  //$ai
=106  //$a1
=120  //$ab
=200  //$7ba0yba0y$8fre   $9 0 $aRey$bJean Claude$f19..-....$cacteur
=300  0/$aActeur, journaliste et speaker. - Responsable de production dans le film "Les Misérables" de Robert Hossein (1985)
=801  //$aFR$bFR-751131015$c20131228
=810  //$aUn été indien [Enregistrement sonore] / Truman Capote ; lu par Jean-Claude Rey. Frémeaux FA 80394
=810  //$aInternet movie data base - http://french.imdb.com/Nsearch (2004-04-15)
=856  //$uhttp://french.imdb.com/Nsearch$e2004-04-15

