=LDR  00774cx  a2200229   4500
=001  FRBNF141713403
=003  http://catalogue.bnf.fr/ark:/12148/cb14171340n
=005  20091201
=010  //$a0000000072727189$2VIAF$d20130801
=100  //$a20030310afrey50      ba0
=101  //$afre
=102  //$aFR
=103  //$a 19611124
=105  //$ai
=106  //$a1
=120  //$ab
=200  //$7ba0yba0y$8fre   $9 0 $aDessaux$bAlexis$f1961-....
=300  0/$aComédien
=801  //$aFR$bFR-751131015$c20091201
=810  //$aS'organiser pour réussir [Enregistrement sonore] / David Allen, aut. ; lu par Alexis Desseaux. Audiolib 25 0124 5
=810  //$aAlexis Dessau - http://www.alexisdesseaux.net/site.html (2009-11-26)
=856  //$uhttp://www.alexisdesseaux.net/site.html$e2009-11-26

