=LDR  01210cx  a2200301   4500
=001  FRBNF140012577
=003  http://catalogue.bnf.fr/ark:/12148/cb14001257g
=005  20110309
=010  //$a0000000110447015$2VIAF$d20130801
=039  //$oOPP$a14679781$d20070326
=100  //$a19970429afrey50      ba0
=102  //$aGB
=103  //$a 19171222  20070317
=105  //$aa$ac
=106  //$a010
=120  //$ab
=152  //$c2
=200  //$7ba0yba0y$8fre   $9 0 $aFrancis$bFreddie$f1917-2007
=300  //$aOpérateur et réalisateur de films fantastiques et d'horreurs.
=530  //$5z$0Réalisateur de : $317940347$aThe doctor and the devils (film)
=530  //$5z$0Réalisateur de : $317908767$aThe evil of Frankenstein (film)
=530  //$5z$0Réalisateur de : $317133705$aThe skull (film)
=530  //$5z$0Réalisateur de : $316472893$aDracula has risen from the grave (film)
=530  //$5z$0Réalisateur de : $316462149$aThe Ghoul (film)
=530  //$5z$0Réalisateur de : $316460944$aNightmare (film ; 1964)
=530  //$5z$0Réalisateur de : $316457331$aThe Psychopath (film)
=801  //$aFR$bFR-751131015$c20110309
=810  //$aDict. du cinéma. T1 / Jean Tulard, 1982$aMonde, 2007-03-24

