=LDR  00649cx  a2200217   4500
=001  FRBNF126262854
=003  http://catalogue.bnf.fr/ark:/12148/cb126262853
=005  20041028
=010  //$a0000000008916874$2VIAF$d20130729
=039  //$oOPL$a001131230
=100  //$a19750916afrey50      ba0
=101  //$afre$teng
=102  //$aFR
=105  //$aa
=106  //$a1
=120  //$aa
=200  //$7ba0yba0y$8fre   $9 0 $aMolitor$bLucienne
=300  0/$aTraductrice
=801  //$aFR$bFR-751131015$c20041028
=810  //$aLa Lettre écarlate / Nathaniel Hawthorne; trad. de l'anglais par Lucienne Molitor, 1958
=810  //$aBN Cat. gén. suppl.$aBN Cat. gén. 1960-1969

