=LDR  00902cx  b2200241   4500
=001  FRBNF13979881X
=003  http://catalogue.bnf.fr/ark:/12148/cb13979881s
=005  20200113
=010  //$a0000000121939138$2ISNI$d20150313
=100  //$a19950818afrey50      ba0
=102  //$aFR
=103  //$a 1990
=105  //$ce$ca$dh$cs$cp
=106  //$a010
=150  //$ay$bc9
=210  //$7ba0yba0y$8fre   $920 $aStudio Canal plus
=303  //$a17 rue Dumont d'Urville, 75116 Paris
=410  //$7ba0yba0y$8fre   $aStudio Canal +
=686  //$a790$cSpectacles et loisirs (généralités)$2Note de regroupement par domaine
=801  //$aFR$bFR-751131015$c20200113
=810  //$aMass producing European cinema : Studiocanal and its works / Christopher Meir, 2019
=810  //$aWikipedia - https://fr.wikipedia.org/wiki/Studiocanal (2020-02-13)
=856  //$uhttps://fr.wikipedia.org/wiki/Studiocanal$e2020-02-13

