=LDR  00746cx  a2200205   4500
=001  FRBNF14029412X
=003  http://catalogue.bnf.fr/ark:/12148/cb14029412d
=005  20090525
=010  //$a0000000001371437$2VIAF$d20130801
=100  //$a20000210afrey50      ba0
=102  //$aFR
=103  //$a 19..
=105  //$ai
=106  //$a1
=120  //$aa
=200  //$7ba0yba0y$8fre   $9 0 $aPitaressi$bMaria
=300  0/$aComédienne
=400  //$7ba0yba0y$8fre   $aPitaressi$bMarianne
=801  //$aFR$bFR-751131015$c20090525
=810  //$aDracula [Enregistrement sonore] / Bram Stocker, aut. ; Arnaud Saint-Pères. Livraphone$aDracula [Enregistrement sonore] / Bram Stocker, aut. ; Marianne Pitaressi... [et al.], voix. Livraphone LIV 207M (2009-05-25)

