=LDR  00766cx  a2200253   4500
=001  FRBNF138914182
=003  http://catalogue.bnf.fr/ark:/12148/cb138914187
=005  20220325
=010  //$a0000000116043011$2VIAF$d20130731
=100  //$a19890601afrey50      ba0
=101  //$aeng
=102  //$aGB
=103  //$a 19250920  20010709
=105  //$aa
=106  //$a010
=120  //$ab
=152  //$c2
=200  //$7ba0yba0y$8fre   $9 0 $aBernard$bJames$f1925-2001
=300  //$aCompositeur de musique de film
=301  //$aLondres (GB)
=686  //$a780$cMusique$2Note de regroupement par domaine
=801  //$aFR$bFR-751131015$c20220325
=810  //$aJames Bernard, composer to count Dracula : a critical biography / David Huckvale, 2006
=810  //$aFilm composers guide, 1994

