=LDR  02269cx  l2200409   4500
=001  FRBNF119372994
=003  http://catalogue.bnf.fr/ark:/12148/cb11937299m
=005  20141231
=039  //$oOPL$a001593411
=100  //$a19810323afrey50      ba0
=106  //$a211
=152  //$brameau$c2
=180  //$ab
=280  /0$7ba0yba0y$8fre   $aMusique de film
=330  //$aSous cette vedette, on trouve les oeuvres musicales composées pour le cinéma ou les bandes-sons musicales des films. Les documents sur ces compositions se trouvent sous la vedette Musique de film suivie de Histoire et critique ou de toute autre subdivision de sujet ou de forme appropriée. [Note d'application à mettre à jour]
=480  /0$7ba0yba0y$8fre   $aChansons de film
=480  /0$7ba0yba0y$8fre   $aCinéma$xMusique
=480  /0$7ba0yba0y$8fre   $9  2$aFilm, Musique de
=480  /0$7ba0yba0y$8fre   $aFilms$xAccompagnement musical
=480  /0$7ba0yba0y$8fre   $aFilms$xMusique
=480  /0$7ba0yba0y$8fre   $aFilms, Musique de
=480  /0$7ba0yba0y$8fre   $aMusique de cinéma
=480  /0$7ba0yba0y$8fre   $aMusique pour film
=480  /0$7ba0yba0y$8fre   $aMusiques de film
=550  //$5z$0Voir aussi$316958043$7ba0yba0y$8fre   $aBandes sonores$xcinéma
=550  //$5z$0Voir aussi$311992725$7ba0yba0y$8fre   $aCinéma et musique
=580  /0$5z$0Voir aussi$311961594$7ba0yba0y$8fre   $aFilms musicaux
=580  /0$5z$0Voir aussi$312274798$7ba0yba0y$8fre   $aMusique à programme
=580  /0$5h$312152151$7ba0yba0y$8fre   $aMusique de film muet
=580  /0$5g$313318366$7ba0yba0y$8fre   $aMusique
=686  //$a780$cMusique$2Note de regroupement par domaine
=686  //$a791$cAudiovisuel$2Note de regroupement par domaine
=801  //$aFR$bFR-751131015$c20141231
=810  //$aEncyc. universalis (art. : Cinéma (Réalisation d'un film) - Musique de film) - http://www.universalis-edu.com (2011-12-02)
=810  //$aDict. de la musique / M. Vignal, 2005$aDict. des mots de la musique / J. Siron, 2006 (art. : Film) : musique pour film/musique de film$aDict. encyclopédique de la musique / D. Arnold, 1998
=822  1/$aMotion picture music$2LCSH$uhttp://id.loc.gov/authorities/subjects/sh85088056$d2014-12-31
=856  //$uhttp://www.universalis-edu.com$e2011-12-02

