=LDR  00813cx  a2200229   4500
=001  FRBNF140281410
=003  http://catalogue.bnf.fr/ark:/12148/cb14028141x
=005  20101011
=010  //$a0000000114435900$2VIAF$d20130801
=100  //$a19991216afrey50      ba0
=102  //$aCA
=103  //$a 1966
=105  //$ai
=106  //$a1
=120  //$ab
=152  //$c2
=200  //$7ba0yba0y$8fre   $9 0 $aTrudel$bAlain$f1966-....
=300  0/$aTromboniste et chef d'orchestre
=801  //$aFR$bFR-751131015$c20101011
=810  //$aTrombone concerti [Enregistrement sonore] / Albrechtsberger, Wagenseil, Leopold Mozart.. . [et al.], comp. ; Alain Trudel, trb, dir... [et al.]. Naxos 8553831
=810  //$aAlainTrudel.com - http://www.alaintrudel.com (2010-10-11)
=856  //$uhttp://www.alaintrudel.com/$e2010-10-11

