=LDR  00794cx  a2200217   4500
=001  FRBNF147025118
=003  http://catalogue.bnf.fr/ark:/12148/cb14702511f
=005  20161115
=010  //$a0000000369530387$2ISNI$d20170201
=100  //$a20050825afrey50      ba0
=102  //$aMX
=103  //$a 19100727  20161112
=106  //$a010
=120  //$aa
=152  //$c2
=200  //$7ba0yba0y$8fre   $9 0 $aTovar$bLupita$f1910-2016
=300  //$aNom d'artiste de Guadalupe Natalia Tovar. - Actrice
=801  //$aFR$bFR-751131015$c20161115
=810  //$aMousquetaire du ranch [Image fixe]. 1939
=810  //$aIMDB - http://www.imdb.com/name/nm0869830 (2016-11-15)$aVIAF - http://viaf.org/viaf/6932604 (2016-11-15)
=856  //$uhttp://www.imdb.com/name/nm0869830/$e2016-11-15$uhttp://viaf.org/viaf/6932604$e2016-11-15

