=LDR  01783cx  j2200253   4500
=001  FRBNF119600597
=003  http://catalogue.bnf.fr/ark:/12148/cb11960059r
=005  20151007
=039  //$oOPL$a00189917X
=100  //$a19840124afrey50      ba0
=106  //$a211
=152  //$brameau$c2
=250  //$7ba0yba0y$8fre   $aDécors de ballet
=330  //$aSous cette vedette, on trouve les documents sur les décors de ballet en tant que matériel scénique. Les documents sur le décor intérieur et extérieur des théâtres se trouvent sous des vedettes-matière telles que : Théâtres -- Décoration ; Opéras (constructions) -- Décoration
=450  //$7ba0yba0y$8fre   $9  2$aBallet$xDécors
=550  //$5z$0Voir aussi$317101075$7ba0yba0y$8fre   $aDécors de spectacles
=550  //$5z$0Voir aussi$311978272$7ba0yba0y$8fre   $aDécors de théâtre
=550  //$5z$0Voir aussi$313163058$7ba0yba0y$8fre   $aScénographie
=550  //$5g$313162864$7ba0yba0y$8fre   $aDanse$xMise en scène
=686  //$a740$cDessin, arts décoratifs, artisanat d'art$2Note de regroupement par domaine
=686  //$a790$cSpectacles et loisirs (généralités)$2Note de regroupement par domaine
=801  //$aFR$bFR-751131015$c20151007
=810  //$aMarc Chagall, le ballet, l'opéra : [exposition], Nice, Musée national Message biblique Marc Chagall, 1er juillet-2 octobre 1995$aL'avant-garde russe et la scène, 1910-1930 : une sélection de la collection N. D. Lobanov-Rostovsky / J. E. Bowlt, 1998$aParades : travaux de peintres et de sculpteurs pour la scène : Miquel Barcelo, Kate Blacker, Ross Bleckner... : [exposition], Espace temporaire ORCOFI... Paris... 1er octobre-30 novembre 1991
=822  1/$aBallet--Stage-setting and scenery$2LCSH$uhttp://id.loc.gov/authorities/subjects/sh85011279$d2017-02-09

