=LDR  01052cx  a2200265   4500
=001  FRBNF162593964
=003  http://catalogue.bnf.fr/ark:/12148/cb162593967
=005  20110126
=010  //$a0000000109768225$2VIAF$d20130807
=100  //$a20110125afrey50      ba0
=101  //$aeng
=102  //$aXX
=103  //$a 19..
=105  //$aa
=106  //$a1
=120  //$ab
=152  //$c2
=200  //$7ba0yba0y$8fre   $9 0 $aEighteen-Bisang$bRobert
=300  0/$aVit à White Rock, Canada (en 2008)
=400  //$7ba0yba0y$8fre   $aBisang$bRobert Eighteen-
=801  //$aFR$bFR-751131015$c20110126
=810  //$aBram Stoker's notes for "Dracula" : a facsimile edition / annotated and transcribed by Robert Eighteen-Bisang and Elizabeth Miller, 2008
=810  //$aLC authorities - http://authorities.loc.gov (2011-01-25)$aBritish library - http://www.bl.uk (2011-01-26)
=815  //$aBibliothèque et archives Canada : http://amicus.collectionscanada.gc.ca (2011-01-26)
=856  //$uhttp://authorities.loc.gov$e2011-01-25$uhttp://www.bl.uk$e2011-01-26

