=LDR  00913cx  a2200265   4500
=001  FRBNF151212091
=003  http://catalogue.bnf.fr/ark:/12148/cb15121209b
=005  20110920
=010  //$a0000000063141223$2VIAF$d20130805
=100  //$a20061214afrey50      ba0
=101  //$ager
=102  //$aDE
=103  //$a 18790611  19361126
=105  //$ai
=106  //$a010
=120  //$ab
=152  //$c2
=200  //$7ba0yba0y$8fre   $9 0 $aSchreck$bMax$f1879-1936
=300  //$aActeur
=301  //$aBerlin$bMunich (Allemagne)
=686  //$a791$cAudiovisuel$2Note de regroupement par domaine
=801  //$aFR$bFR-751131015$c20110920
=810  //$aNosferatu [Images animées] / F.W. Murnau, réal. ; Max Schreck, act. "Le Monde", 2006$aMax Schreck : Gespenstertheater / Stefan Eickhoff, 2009
=810  //$aIMDB - http://www.us.imdb.com/name/nm0775180 (2006-12-14)
=856  //$uhttp://www.us.imdb.com/name/nm0775180/$e2006-12-14

