=LDR  00927cx  a2200229   4500
=001  FRBNF139556382
=003  http://catalogue.bnf.fr/ark:/12148/cb13955638q
=005  20201029
=010  //$a0000000114910388$2VIAF$d20130731
=100  //$a19930521afrey50      ba0
=102  //$aGB
=103  //$a 19621026
=105  //$ai$aa
=106  //$a1
=120  //$ab
=152  //$c2
=200  //$7ba0yba0y$8fre   $9 0 $aElwes$bCary$f1962-....
=300  0/$aActeur. - Scénariste
=801  //$aFR$bFR-751131015$c20201029
=810  //$aElvis & Nixon [Images animées] / Liza Johnson, réal. ; Cary Elwes, scénario. Warner Bros entertainment France, 2016
=810  //$aPremière, n ° 178, Janvier 1992$aIMDB - https://www.imdb.com/name/nm0000144 (2020-10-29)$aWikipedia - https://en.wikipedia.org/wiki/Cary_Elwes (2020-10-29)
=856  //$uhttps://www.imdb.com/name/nm0000144/$e2020-10-29$uhttps://en.wikipedia.org/wiki/Cary_Elwes$e2020-10-29

