=LDR  01030cx  a2200241   4500
=001  FRBNF140512109
=003  http://catalogue.bnf.fr/ark:/12148/cb14051210v
=005  20201005
=010  //$a0000000119321232$2VIAF$d20130801
=100  //$a20020329afrey50      ba0
=102  //$aDE
=103  //$a 19440223  20011229
=105  //$aa$ai
=106  //$a1
=120  //$ab
=152  //$c2
=200  //$7ba0yba0y$8fre   $9 0 $aFricke$bFlorian$f1944-2001
=300  0/$aCompositeur et claviériste
=510  //$5xxxk$0Membre de : $313905863$7ba0yba0y$8fre   $920 $aPopol Vuh
=801  //$aFR$bFR-751131015$c20201005
=810  //$aKeys of life [Enregistrement sonore] / Florian Fricke, Hans Otte, Peter Michael Hamel... [et al.], p. Celestial Harmonies CEL017
=810  //$aAMG - http://allmusic.com (2002-03-29)$aDictionnaire du rock / Michka Assayas, 2000$aDiscogs - https://www.discogs.com/fr/artist/211850-Florian-Fricke (2020-10-05)
=856  //$uhttp://allmusic.com$e2002-03-29$uhttps://www.discogs.com/fr/artist/211850-Florian-Fricke$e2020-10-05

