=LDR  00867cx  a2200229   4500
=001  FRBNF139319376
=003  http://catalogue.bnf.fr/ark:/12148/cb13931937t
=005  20140724
=010  //$a0000000121420985$2VIAF$d20130731
=100  //$a19901207afrey50      ba0
=102  //$aUS
=103  //$a 19531209
=105  //$ai$aa$ap
=106  //$a010
=120  //$ab
=152  //$c2
=200  //$7ba0yba0y$8fre   $9 0 $aMalkovich$bJohn$f1953-....
=300  //$aActeur et metteur en scène de théâtre et cinéma
=801  //$aFR$bFR-751131015$c20140724
=810  //$aAppelez-moi Kubrick [Images animées] / Brian Cook, réal. ; John Malkovich, Tom Allen, Nick Barber, act... [et al.]. Europacorp diffusion, [2006]
=810  //$aIMDb - http://www.imdb.com/name/nm0000518/?ref_=fn_al_nm_1 (2014-07-24)
=856  //$uhttp://www.imdb.com/name/nm0000518/?ref_=fn_al_nm_1$e2014-07-24

