=LDR  01077cx  a2200289   4500
=001  FRBNF139397250
=003  http://catalogue.bnf.fr/ark:/12148/cb139397256
=005  20140127
=010  //$a0000000081543111$2ISNI$d20170818
=039  //$oOPL$a000363090
=039  //$oOPP$a11886574$d20100414
=100  //$a19910626afrey50      ba0
=102  //$aUS
=103  //$a 19020922  19881031
=105  //$aa$ai
=106  //$a010
=120  //$ab
=152  //$c2
=200  //$7ba0yba0y$8fre   $9 0 $aHouseman$bJohn$f1902-1988
=300  //$aActeur, producteur
=301  //$aBucarest, Roumanie$bMalibu, Californie
=400  //$7ba0yba0y$8fre   $aHausman$bJacques$f1902-1988
=400  //$7ba0yba0y$8fre   $aHaussmann$bJacques$f1902-1988
=801  //$aFR$bFR-751131015$c20140127
=810  //$aJulius Caesar [Enregistrement sonore] : dialogues et thèmes musicaux du film / Miklos Rozsa, comp. ; John Houseman, voix. RDM-édition CD667
=810  //$aIMDB - http://www.imdb.com/name/nm0002144/?ref_=fn_nm_nm_1 (2014-01-27)
=856  //$uhttp://www.imdb.com/name/nm0002144/?ref_=fn_nm_nm_1$e2014-01-27

