=LDR  01340cx  a2200265   4500
=001  FRBNF126790150
=003  http://catalogue.bnf.fr/ark:/12148/cb126790154
=005  20121210
=010  //$a0000000081701706$2VIAF$d20130729
=039  //$oOPL$a003012456
=100  //$a19840101afrey50      ba0
=101  //$aeng
=102  //$aCA
=103  //$a 19390226
=105  //$aa
=106  //$a1
=120  //$aa
=152  //$c2
=200  //$7ba0yba0y$8fre   $9 0 $aMiller$bElizabeth Russel$f1939-....
=300  0/$aAuteur de nombreuses publications sur Bram Stocker (1847-1912). - Professeur d'anglais, Memorial university of Newfoundland, Saint John's, Canada (en 2012). - Présidente de: Transylvanian society of Dracula, Canada, et éditrice de: "Journal of Dracula studies" (en 2012)
=400  //$7ba0yba0y$8fre   $aMiller$bElizabeth$f1939-....
=801  //$aFR$bFR-751131015$c20121210
=810  //$aBram Stoker's "Dracula" : a documentary volume / ed. by Elizabeth Miller, 2005$aThe lost journal of Bram Stoker : the Dublin years / edited by Elizabeth Miller & Dacre Stoker, 2012
=810  //$aBibliothèque nationale, Canada - http://amicus.collectionscanada.ca (2005-08-09)$aLCNA : Miller, Elizabeth - http://authorities.loc.gov (2005-08-09)
=856  //$uhttp://amicus.collectionscanada.ca$e2005-08-09$uhttp://authorities.loc.gov$e2005-08-09

