=LDR  01079cx  a2200241   4500
=001  FRBNF150579056
=003  http://catalogue.bnf.fr/ark:/12148/cb15057905s
=005  20210316
=010  //$a0000000002546542$2ISNI$d20210324
=100  //$a20060413afrey50      ba0
=101  //$aita
=102  //$aIT
=103  //$a 19710730
=105  //$aa
=106  //$a1
=120  //$aa
=152  //$c2
=200  //$7ba0yba0y$8fre   $9 0 $aPalma$bPaola$f1971-....
=300  0/$aEnseignante à l'Ecole du Louvre (en 2021). - Docteur en littérature et philologie. - Agrégée de lettres (Italie)
=801  //$aFR$bFR-751131015$c20210316
=810  //$aIn pagina e in palco : suggestioni sceniche nell'opera di Colette / Paola Palma ; prefazione di Marzia Pieri, 2004$a"Nosferatu le vampire" / Paola Palma, Dimitri Vezyroglou. - Neuilly : Atlande, DL 2021. - [Texte noté]
=810  //$aICCU, Istituto centrale per il catalogo unico - http://opac.sbn.it (2006-04-14)$aLCNA - http://authorities.loc.gov (2006-04-13)
=856  //$uhttp://opac.sbn.it$e2006-04-14$uhttp://authorities.loc.gov$e2006-04-13

