=LDR  01277cx  a2200253   4500
=001  FRBNF11913982X
=003  http://catalogue.bnf.fr/ark:/12148/cb11913982f
=005  20160118
=010  //$a000000010775791X$2VIAF$d20130724
=039  //$oOPL$a001066640
=100  //$a19760219afrey50      ba0
=101  //$afre
=102  //$aFR
=103  //$a 19..
=105  //$aa
=106  //$a1
=120  //$ab
=200  //$7ba0yba0y$8fre   $9 0 $aMaillet$bDominique$f19..-....$ccinéaste
=300  0/$aCinéaste et journaliste. - Co-fondateur de la revue "Cinématographe". Producteur de courts métrages et documentariste
=801  //$aFR$bFR-751131015$c20160118
=810  //$aPhilippe Noiret / Dominique Maillet, 1989$aAn lumière ! les directeurs de la photographie vus par les cinéastes / entretiens réalisés par Dominique Maillet, 2001
=810  //$aIMDb - http://www.imdb.com/name/nm0537608 (2014-01-16)$aUniFrance - http://www.unifrance.org/annuaires/personne/32029/dominique-maillet (2016-01-18)
=815  //$aCourrier, 1994-05, Ed. Veyrier (12 rue de Nesle, 75006, Paris) : retour à l'envoyeur, n'habite plus à l'adresse indiquée
=856  //$uhttp://www.imdb.com/name/nm0537608$e2014-01-16$uhttp://www.unifrance.org/annuaires/personne/32029/dominique-maillet$e2016-01-18

