=LDR  00939cx  a2200229   4500
=001  FRBNF14067231X
=003  http://catalogue.bnf.fr/ark:/12148/cb14067231g
=005  20220304
=010  //$a0000000072457211$2VIAF$d20130801
=100  //$a20021004afrey50      ba0
=102  //$aGB
=103  //$a 19440918  20220227
=105  //$ai
=106  //$a1
=120  //$aa
=152  //$c2
=200  //$7ba0yba0y$8fre   $9 0 $aCarlson$bVeronica$f1944-2022
=300  0/$aActrice
=801  //$aFR$bFR-751131015$c20220304
=810  //$aDracula et les femmes / Freddie Francis, réal. ; Bram Stoker, aut. adapté ; John Elder, scénario ; James Bernard, comp. ; Christopher Lee, Rupert Davies, Veronica Carlson... [et al.], act.. - [Neuilly-sur-Seine] : Warner home video France [éd., distrib.], [DL 2004]. - [Image animée : vidéo]
=810  //$aIMDb - https://www.imdb.com/name/nm0138040 (2022-03-04)
=856  //$uhttps://www.imdb.com/name/nm0138040/$e2022-03-04

