=LDR  01006cx  a2200217   4500
=001  FRBNF13930210X
=003  http://catalogue.bnf.fr/ark:/12148/cb13930210m
=005  20131223
=100  //$a19901009afrey50      ba0
=101  //$afre
=102  //$aFR
=103  //$a 19..
=105  //$aa$ai
=106  //$a1
=120  //$ab
=200  //$7ba0yba0y$8fre   $9 0 $aVal$bPierre
=300  0/$aActeur, metteur en scène et adaptateur
=801  //$aFR$bFR-751131015$c20131223
=810  //$aLe système du docteur plume et du professeur goudron [Spectacle] / mise en scène et adaptation Pierre Val. - Metz, Opéra-Théâtre, 2004
=810  //$aIMDB - http://www.imdb.com/name/nm0883427 (2013-12-23)$aWikipedia - http://fr.wikipedia.org/wiki/Pierre_Val (2013-12-23)$aÉcole de musique et de danse de Woippy - http://www.woippymusique.fr/t.htm (2013-12-23)
=856  //$uhttp://www.imdb.com/name/nm0883427/$e2013-12-23$uhttp://fr.wikipedia.org/wiki/Pierre_Val$e2013-12-23$uhttp://www.woippymusique.fr/t.htm$e2013-12-23

