=LDR  01146cx  a2200277   4500
=001  FRBNF141176832
=003  http://catalogue.bnf.fr/ark:/12148/cb14117683z
=005  20161021
=010  //$a0000000116648619$2VIAF$d20130801
=039  //$oOPP$a14268859$d20061122
=100  //$a20030310afrey50      ba0
=101  //$aeng
=102  //$aCA
=103  //$a 19560228
=105  //$aa$ap
=106  //$a010
=120  //$ab
=152  //$c2
=200  //$7ba0yba0y$8fre   $9 0 $aMaddin$bGuy$f1956-....
=300  //$aRéalisateur, scénariste, producteur
=530  //$5z$0Réalisateur de : $316557059$aWinnipeg mon amour (film)
=686  //$a791$cAudiovisuel$2Note de regroupement par domaine
=801  //$aFR$bFR-751131015$c20161021
=810  //$aCareful [images animées] / Guy Maddin, réal. E.D. Distribution, [2005]$aInto the past : the cinema of Guy Maddin / William Beard, 2010
=810  //$aIMDb - http://www.imdb.fr/name/nm0534665 (2012-11-09)$aVIAF - https://viaf.org/viaf/68539079/#Maddin,_Guy,_1956-... (2016-10-21)
=856  //$uhttp://www.imdb.fr/name/nm0534665/$e2012-11-09$uhttps://viaf.org/viaf/68539079/#Maddin,_Guy,_1956-....$e2016-10-21

