=LDR  01319cx  a2200289   4500
=001  FRBNF140074970
=003  http://catalogue.bnf.fr/ark:/12148/cb14007497q
=005  20220322
=010  //$a0000000081422184$2ISNI$d20150312
=010  //$y0000000059455609$2VIAF$d20130801
=100  //$a19971206afrey50      ba0
=101  //$aeng
=102  //$aUS
=103  //$a 18891022  19540308
=105  //$aa
=106  //$a1
=120  //$ab
=152  //$c2
=200  //$7ba0yba0y$8fre   $9 0 $aBalderston$bJohn L.$f1889-1954
=300  0/$aDramaturge et scénariste
=301  //$aPhiladelphie (Pennsylvanie, États-Unis)$bLos Angeles (Californie, États-Unis)
=400  //$7ba0yba0y$8fre   $aBalderston$bJohn$f1889-1954
=400  //$7ba0yba0y$8fre   $aBalderston$bJohn Lloyd$f1889-1954
=801  //$aFR$bFR-751131015$c20220322
=810  //$aGaslight [Images animées] / George Cukor, réal. ; John Van Druten, Walter Reisch, John L. Balderston, scénario, 1994$aL'ennemi bien-aimée [Images animées] / Henry C. Potter, réal. ; John Balderston, Rose Franker, William Brown Meloney, scénario, 1991
=810  //$aIMDb - https://www.imdb.com/name/nm0049721/?ref_=fn_al_nm_1 (2005-04-23) (2022-03-22)$aThe MacMillan international film encyclopedia
=856  //$uhttps://www.imdb.com/name/nm0049721/?ref_=fn_al_nm_1$e2005-04-23$e2022-03-22

