=LDR  01200cx  a2200301   4500
=001  FRBNF138951693
=003  http://catalogue.bnf.fr/ark:/12148/cb138951698
=005  20160506
=010  //$a0000000121210662$2VIAF$d20130731
=039  //$oOPL$a010577281
=039  //$oOPP$a16366427$d20160506
=100  //$a19890601afrey50      ba0
=101  //$aeng
=102  //$aUS
=103  //$a 19110629  19751224
=105  //$aa$ai$ap
=106  //$a010
=120  //$ab
=152  //$c2
=200  //$7ba0yba0y$8fre   $9 0 $aHerrmann$bBernard$f1911-1975
=300  //$aArrangeur, compositeur de musique de films et chef d'orchestre
=301  //$aNew York$bLos Angeles (Calif.)
=400  //$7ba0yba0y$8fre   $aHermann$bBernard$f1911-1975
=686  //$a780$cMusique$2Note de regroupement par domaine
=801  //$aFR$bFR-751131015$c20160506
=810  //$aThe 3 worlds of Gulliver [Enregistrement sonore] / Bernard Herrmann, comp... [et al.]. Cloud Nine CN4003$aL'affaire Cicéron [Images animées] / Joseph L. Mankiewicz, réal., scénario; [...] Bernard Hermann, comp... [et al.], [2004]
=810  //$aLC authorities - http://authorities.loc.gov (2004-11-15)$aGrove 6
=856  //$uhttp://authorities.loc.gov/$e2004-11-15

