=LDR  02678cx  b2200493   4500
=001  FRBNF118656461
=003  http://catalogue.bnf.fr/ark:/12148/cb118656463
=005  20180511
=010  //$a0000000123224603$2ISNI$d20131217
=039  //$oOPL$a00003620X$zACO
=039  //$oOPL$a001612491$zAMA
=039  //$oOPP$a14711795$d20060523
=039  //$oOPP$a14950291$d20090122
=039  //$oOPP$a10757431$d20090622
=039  //$oOPP$a11361436$d20090622
=039  //$oOPP$a11357806$d20090622
=100  //$a19840126afrey50      ba0
=101  //$afre
=102  //$aFR
=103  //$a 18710712
=105  //$aa$ai$ca$dh$ce$da$dr$cp
=106  //$a011
=150  //$az$bt
=210  //$7ba0yba0y$8fre   $920 $aOpéra national de Paris
=300  //$aA pour origine l'Académie royale (impériale, puis nationale) de musique devenue Théâtre national de l'Opéra le 12-07-1871
=300  //$aPrincipales étapes et noms correspondants : nationalisé en 1939, l'Opéra de Paris regroupe le Palais Garnier et la Salle Favart ; 07-01-1978) : Théâtre national de l'Opéra de Paris ; 1990 : Opéra de Paris (D. 90-295 du 02-04-1990) ; 1994 : Opéra national de Paris (D. 94-111 du 05-02-1994)
=303  //$a120 rue de Lyon, 75012 Paris
=330  //$aA distinguer des salles particulières : Palais Garnier et Opéra de la Bastille
=410  //$7ba0yba0y$8fre   $aTNOP
=410  //$7ba0yba0y$8fre   $aThéâtre National Opéra de Paris
=410  //$7ba0yba0y$8fre   $aOpéra de Paris$c1871-....)
=410  //$7ba0yba0y$8fre   $aThéâtre de l'Opéra$cParis
=410  //$7ba0yba0y$8fre   $aThéâtre national de l'Opéra$cParis
=510  //$5z$0Regroupe$313905501$7ba0yba0y$8fre   $920 $aOpéra national de Paris$bChoeur
=510  //$5z$0Regroupe$311945309$7ba0yba0y$8fre   $920 $aOpéra national de Paris$bBallet
=510  //$5z$0Regroupe$316584823$7ba0yba0y$8fre   $920 $aOpéra national de Paris$bAtelier lyrique
=510  //$5a$0Avant le 12 juillet 1871, voir$312296045$7ba0yba0y$8fre   $920 $aAcadémie nationale de musique et de danse$cFrance
=510  //$5h$0Comprend : $312128289$7ba0yba0y$8fre   $920 $aOpéra Bastille$cParis
=515  //$5z$311938732$7ba0yba0y$8fre   $aParis (France)$xPalais Garnier
=550  //$5g$314482590$7ba0yba0y$8fre   $aOpéras (constructions)$yFrance
=686  //$a790$cSpectacles et loisirs (généralités)$2Note de regroupement par domaine
=801  //$aFR$bFR-751131015$c20180511
=810  //$aJO, 1990-04-04$aJO, 1994-02-09$aBA 2003$aHistoire de l'Opéra de Paris : 1669-1971, portrait de chanteurs,  cop.  1977$aL'Opéra au Palais Garnier : 1875-1962, 1962$aMourre
=856  //$uhttps://www.operadeparis.fr$e2018-05-11

