=LDR  01111cx  a2200217   4500
=001  FRBNF158913390
=003  http://catalogue.bnf.fr/ark:/12148/cb158913396
=005  20211006
=010  //$a0000000078246722$2VIAF$d20130806
=100  //$a20081231afrey50      ba0
=102  //$aES
=103  //$a 19690429
=105  //$aa$ai$ap$ac
=106  //$a010
=120  //$ab
=152  //$c2
=200  //$7ba0yba0y$8fre   $9 0 $aMartinez$bJosé$f1969-....$cdanseur
=300  //$aDanseur. - Chorégraphe (depuis 2002). - Premier danseur (1992), puis étoile (1997) de l'Opéra de Paris. - Scénographe
=801  //$aFR$bFR-751131015$c20211006
=810  //$aLes enfants du paradis, ballet en deux actes d'après le scénario de Jacques Prévert, musique [de] Marc-Olivier Dupin, chorégraphie [de] José Martinez..., Ballet de l'Opéra : [programme, Palais Garnier, 21 octobre 2008] / Opéra national de Paris, 2008
=810  //$aJosé Martinez : un hidalgo au Palais Garnier / José Martinez [et al.], participant. In : Danseurs étoiles de l'Opéra de Paris [Images animées] / Jean-Marie David, réal. CasaDei productions, [2012]

