=LDR  01169cx  a2200349   4500
=001  FRBNF138945313
=003  http://catalogue.bnf.fr/ark:/12148/cb13894531f
=005  20210611
=010  //$a0000000121367029$2ISNI$d20131217
=039  //$oOPL$a012849627$zAMA
=039  //$oOPL$a015520042$zAPP
=039  //$oOPP$a14819840$d20060810
=039  //$oOPP$a14681360$d20060810
=039  //$oOPP$a14681361$d20060810
=039  //$oOPP$a14895606$d20070118
=039  //$oOPP$a14989900$d20070611
=100  //$a19890601afrey50      ba0
=101  //$aeng
=102  //$aUS
=103  //$a 19370131
=105  //$aa$ai$ap$dh
=106  //$a010
=120  //$ab
=152  //$c2
=200  //$7ba0yba0y$8fre   $9 0 $aGlass$bPhilip$f1937-....
=300  //$aCompositeur et musicien
=400  //$7ba0yba0y$8fre   $aGlass$bPhil$f1937-....
=510  //$5xxxz$0Fondateur de :$313999503$aPhilip Glass ensemble
=801  //$aFR$bFR-751131015$c20210611
=810  //$aNorth star [Enregistrement sonore] / Philip Glass comp. VIRGIN V2085
=810  //$aDict. biogr. des musiciens / Baker, Slonimsky, 1995$aGrove 6$aLCNA (CD), 1996-06$aGDEL
=856  //$uhttps://philipglass.com/$e2020-10-06

