=LDR  02227cx  a2200493   4500
=001  FRBNF119290515
=003  http://catalogue.bnf.fr/ark:/12148/cb11929051b
=005  20170306
=010  //$a0000000120968527$2VIAF$d20130724
=039  //$oOPL$a001844415$zAMA
=039  //$oOPL$a001480602$zAPP
=039  //$oOPP$a14866845$d20060626
=039  //$oOPP$a14704528$d20060626
=039  //$oOPP$a14942292$d20070326
=100  //$a19821006afrey50      ba0
=101  //$aeng
=102  //$aUS
=103  //$a 19150506  19851010
=105  //$aa$ai$ap
=106  //$a010
=120  //$ab
=152  //$c2
=200  //$7ba0yba0y$8fre   $9 0 $aWelles$bOrson$f1915-1985
=300  //$aCinéaste et acteur. - Metteur en scène de théâtre
=530  //$5z$0Réalisateur de : $317817111$aToo much Johnson (film ; 1938)
=530  //$5z$312364712$aThe war of the worlds (émission radiophonique)
=530  //$5z$0Réalisateur de : $314665577$aThe stranger (film)
=530  //$5z$0Réalisateur de : $314665576$aThe lady from Shanghai (film)
=530  //$5z$0Réalisateur de : $314665573$aMacbeth (film ; 1948)
=530  //$5z$0Réalisateur de : $315064135$aThe other side of the wind (film)
=530  //$5z$0Réalisateur de : $313182090$aLe procès (film ; 1962)
=530  //$5z$0Réalisateur de : $313751593$aOthello (film ; 1952)
=530  //$5z$0Réalisateur de : $312566403$aThe magnificent Ambersons (film)
=530  //$5z$0Réalisateur de : $313182086$aUne histoire immortelle (film)
=530  //$5z$0Réalisateur de : $313494507$aF for Fake (film)
=530  //$5z$0Réalisateur de : $312459082$aConfidential report (film)
=530  //$5z$0Réalisateur de : $312156070$aCitizen Kane (film)
=530  //$5z$0Réalisateur de : $314483062$aTouch of evil (film)
=530  //$5z$0Réalisateur de : $315038549$aFalstaff (film)
=686  //$a791$cAudiovisuel$2Note de regroupement par domaine
=801  //$aFR$bFR-751131015$c20170306
=810  //$aMonsieur Arkadin / Orson Welles ; trad. et adapté de l'américain par Maurice Bessy, 2e éd., 1955
=810  //$aLCNA (CD), 1996-06 : Welles, Orson, 1915-$aDict. des cinéastes / G. Sadoul, 1990
=810  //$aBN Cat. gén. 1960-1969 : Welles (Orson)

