=LDR  00956cx  a2200253   4500
=001  FRBNF125848615
=003  http://catalogue.bnf.fr/ark:/12148/cb12584861b
=005  20060222
=010  //$a0000000121220369$2VIAF$d20130729
=039  //$oOPL$a000381793$zAPP
=039  //$oOPL$a003891730$zAMA
=100  //$a19801014afrey50      ba0
=101  //$afre
=102  //$aFR
=103  //$a 19550627
=105  //$aa$ai$ap
=106  //$a010
=120  //$aa
=200  //$7ba0yba0y$8fre   $9 0 $aAdjani$bIsabelle$f1955-....
=300  //$aActrice de théâtre et de cinéma
=686  //$a790$cSpectacles et loisirs (généralités)$2Note de regroupement par domaine
=801  //$aFR$bFR-751131015$c20060222
=810  //$aComédiennes aujourd'hui / Isabelle Adjani, Isabelle Huppert, Dominique Laffin, Miou Miou, Christine Pascal, Maria Schneider ; au micro et sous le regard de Jean-Luc Doin, 1980
=810  //$aBoussinot, 1995$aLes gens du cinéma / André Siscot, 1998

