=LDR  01218cx  a2200241   4500
=001  FRBNF119027973
=003  http://catalogue.bnf.fr/ark:/12148/cb11902797g
=005  20190405
=010  //$a0000000120236609$2VIAF$d20130724
=039  //$oOPL$a000764603
=100  //$a19750205afrey50      ba0
=101  //$afre
=102  //$aBE
=103  //$a 19440329
=105  //$aa
=106  //$a1
=120  //$ab
=152  //$c2
=200  //$7ba0yba0y$8fre   $9 0 $aFinné$bJacques$f1944-....
=300  0/$aTraduit de l'anglais et du néerlandais en français
=300  0/$aCritique littéraire. - Spécialiste de la démonologie et des récits fantastiques
=801  //$aFR$bFR-751131015$c20190405
=810  //$aL'Anneau : roman / Gust Van Brussel ; traduit du néerlandais et postfacé par Jacques Finné, 1975$aLa Femme de marbre : contes fantastiques / Hugh B. Cave ; choisis, trad. de l'américain et présentés par J. Finné, 1988$aOpéra sans musique : introduction à l'art lyrique / Jacques Finné, 1982$aL'étreint de glace et autres histoires surnaturelles écrites par des Victoriennes / choix des textes et postface de Jacques Finné ; traduction de Jacques Finné & Jessica Stabile. - [Paris] : Éditions Corti, 2019.

