=LDR  01102cx  a2200277   4500
=001  FRBNF122135293
=003  http://catalogue.bnf.fr/ark:/12148/cb12213529t
=005  20220307
=010  //$a0000000122843808$2VIAF$d20130725
=039  //$oOPL$a007799966$zAMA
=039  //$oOPL$a007606132$zAPP
=100  //$a19910729afrey50      ba0
=101  //$aeng
=102  //$aGB
=103  //$a 19220527  20150607
=105  //$aa$ai
=106  //$a010
=120  //$ab
=152  //$c2
=200  //$7ba0yba0y$8fre   $9 0 $aLee$bChristopher$f1922-2015
=300  //$aActeur et chanteur
=301  //$aLondres (Grande-Bretagne)$bLondres (Grande-Bretagne)
=801  //$aFR$bFR-751131015$c20220307
=810  //$aThe Dracula book / Donald F. Glut ; with introductions by Christopher Lee and William Marshall, 1975
=810  //$aBLNA, 1994-10$aIntern. WW 1986-1987$aIMDb - http://www.imdb.com (2004-10-11)$aLibération, 2010-01-08 [album de rock symphonique Charlemagne]$aWikipédia - fr.wikipedia.org/wiki/Christopher_Lee (2015-06-12)
=856  //$uhttp://www.imdb.com/$e2004-10-11$ufr.wikipedia.org/wiki/Christopher_Lee$e2015-06-12

