=LDR  01207cx  a2200289   4500
=001  FRBNF119006737
=003  http://catalogue.bnf.fr/ark:/12148/cb11900673q
=005  20201209
=010  //$a0000000121255326$2VIAF$d20130724
=039  //$oOPL$a000710210$zAPP
=039  //$oOPL$a001897364$zAMA
=039  //$oOPP$a14973100$d20090528
=039  //$oOPP$a15459933$d20120125
=100  //$a19760408afrey50      ba0
=101  //$afre
=102  //$aFR
=103  //$a 19440628
=105  //$aa$ap$ac
=106  //$a010
=120  //$ab
=200  //$7ba0yba0y$8fre   $9 0 $aDruillet$bPhilippe$f1944-....
=300  //$aDessinateur et scénariste de bandes dessinées
=400  //$7ba0yba0y$8fre   $aDruillet$f1944-....
=686  //$a740$cDessin, arts décoratifs, artisanat d'art$2Note de regroupement par domaine
=801  //$aFR$bFR-751131015$c20201209
=810  //$aGail / [texte et dessins de] Druillet, 1984$aLone Sloane / [scénario et dessins de] Philippe Druillet, 1988-
=810  //$aDictionnaire de la bande dessinée / Henri Filippini, 1989$aGuide de la bande dessinée / Philippe Bronson, 1986$aPhilippe Druillet, l'enragé de la BD / par Olivier Delcroix, 2017. In : Le Figaro, ISSN 0182-5852; 2017-01-05

