=LDR  02090cx  a2200433   4500
=001  FRBNF121261182
=003  http://catalogue.bnf.fr/ark:/12148/cb12126118t
=005  20210917
=010  //$a0000000079743368$2VIAF$d20130725
=039  //$oOPL$a004751749
=039  //$oOPP$a11259191$d20090416
=039  //$oOPP$a11844511$d20090416
=039  //$oOPP$a14310159$d20090416
=039  //$oOPP$a10605344$d20090416
=039  //$oOPP$a11257872$d20090416
=039  //$oOPP$a11269655$d20090416
=039  //$oOPP$a11557393$d20090416
=039  //$oOPP$a11844371$d20090416
=039  //$oOPP$a11845645$d20090416
=039  //$oOPP$a13305839$d20090416
=039  //$oOPP$a13315038$d20090416
=039  //$oOPP$a15480026$d20150924
=039  //$oOPP$a17346678$d20210917
=100  //$a19891002afrey50      ba0
=101  //$afre$teng
=102  //$aFR
=103  //$a 18860109  19550510
=105  //$aa
=106  //$a010
=120  //$aa
=200  //$7ba0yba0y$8fre   $9 0 $aPaul-Margueritte$bLucie$f1886-1955
=300  //$aFemme de lettres. - Traductrice. - Fille de l'écrivain Paul Margueritte (1860-1918) et sœur d'Ève Paul-Margueritte (1885-1971) avec laquelle elle collabora. - Prénoms complets : Lucie Blanche
=400  //$7ba0yba0y$8fre   $aMargueritte$bLucie Paul-
=686  //$a800$cHistoire et critique littéraires$2Note de regroupement par domaine
=801  //$aFR$bFR-751131015$c20210917
=810  //$aPaillettes / Lucie Paul Margueritte, 1908$aAuteuil et Passy, des origines à nos jours / Ève et Lucie Paul-Margueritte, 1946$aDracula / Bram Stocker ; traduit de l'anglais par Ève et Lucie Paul-Margueritte, 1946
=810  //$aLe coin des pseudonymes et autres recherches biographiques / par Patrick Ramseyer. In : Le Rocambole : Bulletin des amis du roman populaire, n° 82, printemps 2018, p. 174$aWW, France 1969-1970 (art. : Margueritte, Éve Paul)
=810  //$aBN Cat. gén. ; BN Cat. gén. suppl. ; BN Cat. gén. 1960-1969 : Margueritte (Lucie Paul-)
=815  //$aQui était qui, XXe siècle / Béatrice et Michel Wattel, 2005. - Laffont-Bompiani, Auteurs. - Van Tieghem

