=LDR  01570cx  b2200409   4500
=001  FRBNF118657734
=003  http://catalogue.bnf.fr/ark:/12148/cb118657738
=005  20210907
=010  //$a0000000121758644$2VIAF$d20130724
=039  //$oOPL$a001844148$zAMA
=039  //$oOPL$a000037529$zACO
=039  //$oOPL$a014432251
=039  //$oOPP$a13124430$d20101001
=039  //$oOPP$a13501941$d20101001
=039  //$oOPP$a15165425$d20110216
=039  //$oOPP$a13159268$d20110217
=100  //$a19840106afrey50      ba0
=101  //$afre
=102  //$aFR
=105  //$aa$ce$cd$ca$dh$cp
=106  //$a010
=150  //$az$be3
=210  //$7ba0yba0y$8fre   $920 $aUniversité Toulouse-Jean Jaurès
=303  //$a5 allées Antonio-Machado, 31058 Toulouse Cedex 9
=410  //$7ba0yba0y$8fre   $aUTM
=410  //$7ba0yba0y$8fre   $aUT2J
=410  //$7ba0yba0y$8fre   $aUniversité Toulouse 2-Jean Jaurès
=410  //$7ba0yba0y$8fre   $aUniversité de Toulouse-Le Mirail
=410  //$7ba0yba0y$8fre   $aUniversité de Toulouse II - Le Mirail
=410  //$7ba0yba0y$8fre   $aUniversité de Toulouse 02
=410  //$7ba0yba0y$8fre   $aUniversité de Toulouse-Mirail
=415  //$7ba0yba0y$8fre   $aToulouse (Haute-Garonne)$xUniversité de Toulouse-Le Mirail
=510  //$5a$0Antérieurement, voir$312210064$7ba0yba0y$8fre   $920 $aUniversité de Toulouse$c1896-1968
=686  //$a370$cEducation et enseignement$2Note de regroupement par domaine
=801  //$aFR$bFR-751131015$c20210907
=810  //$aBA 2010$aWL 2009
=856  //$uhttps://www.univ-tlse2.fr$e2021-09-07

