=LDR  01326cx  a2200289   4500
=001  FRBNF118897380
=003  http://catalogue.bnf.fr/ark:/12148/cb118897384
=005  20170216
=010  //$a0000000110443110$2VIAF$d20130724
=039  //$oOPL$a000422293
=039  //$oOPP$a14351905$d20090416
=039  //$oOPP$a16808698$d20170216
=100  //$a19780403afrey50      ba0
=101  //$afre
=102  //$aFR
=103  //$a 1937
=105  //$aa$ap
=106  //$a1
=120  //$ab
=200  //$7ba0yba0y$8fre   $9 0 $aAziza$bClaude$f1937-....
=300  0/$aTraduit aussi du français en latin
=300  0/$aMaître de conférence honoraire de langue et littérature latines à la Sorbonne Nouvelle (Paris III). - Historien du cinéma. - Agrégé de lettres classiques
=400  //$7ba0yba0y$8fre   $aAziza$bClaudius$f1937-....
=801  //$aFR$bFR-751131015$c20170216
=810  //$aLe Capitaine Fracasse / Théophile Gautier ; préf. et comment. de Claude Aziza, 1991$aAlix / Jacques Martin ; in latinum converterunt Claudius Aziza et Michael Dubrocard, 1983-$aGuide de l'Antiquité imaginaire / Claude Aziza, 2008
=810  //$aCanal Académie - http://www.canalacademie.com/Claude-Aziza-le-Romanesque-et-les.html (2009-04-16)
=856  //$uhttp://www.canalacademie.com/Claude-Aziza-le-Romanesque-et-les.html$e2009-04-16

