=LDR  00947cx  a2200229   4500
=001  FRBNF119145772
=003  http://catalogue.bnf.fr/ark:/12148/cb119145770
=005  20220301
=010  //$a0000000083571052$2VIAF$d20130724
=039  //$oOPL$a001082655
=039  //$oOPP$a16816932$d20220301
=100  //$a19780626afrey50      ba0
=101  //$afre$teng
=102  //$aFR
=103  //$a 19390409
=105  //$aa$ap
=106  //$a1
=120  //$ab
=200  //$7ba0yba0y$8fre   $9 0 $aMarigny$bJean$f1939-....
=300  0/$aProfesseur de littérature anglaise et américaine à l'université Stendhal-Grenoble 3. - Directeur du Groupe d'études et de recherches sur le fantastique (GERF)
=801  //$aFR$bFR-751131015$c20220301
=810  //$aDracula / dir. par Jean Marigny, 1997$aLe vampire dans la littérature du XXe siècle / Jean Marigny, 2003$a"Freaks" / Boris Henry ; nouvelle inédite traduite de l'anglais (États-Unis) par Jean Marigny, 2009

