=LDR  01915cx  a2200445   4500
=001  FRBNF119172698
=003  http://catalogue.bnf.fr/ark:/12148/cb119172698
=005  20110224
=010  //$a0000000122764261$2VIAF$d20131024
=039  //$oOPL$a001679376$zAMA
=039  //$oOPL$a001153629$zAPP
=039  //$oOPP$a14862868$d20061221
=039  //$oOPP$a14862867$d20061221
=039  //$oOPP$a14692727$d20061221
=039  //$oOPP$a15478271$d20110224
=100  //$a19810904afrey50      ba0
=101  //$ager
=102  //$aXX
=103  //$a 18881228  19310311
=105  //$aa
=106  //$a010
=120  //$ab
=152  //$c2
=200  //$7ba0yba0y$8fre   $9 0 $aMurnau$bFriedrich Wilhelm$f1888-1931
=300  //$aPseudonyme de Friedrich Wilhelm Plumpe. - Cinéaste
=530  //$5z$0Réalisateur de : $317131747$aTartüff (film)
=530  //$5z$0Réalisateur de : $317131708$aSchloß Vogelöd (film)
=530  //$5z$0Réalisateur de : $316462641$aDer brennende Acker (film)
=530  //$5z$0Réalisateur de : $316460617$aCity girl (film)
=530  //$5z$0Réalisateur de : $316459330$aFour devils (film)
=530  //$5z$0Réalisateur de : $315084727$aTabu (film ; 1929)
=530  //$5z$0Réalisateur de : $314614853$aDer letzte Mann (film)
=530  //$5z$0Réalisateur de : $314590883$aSunrise (film)
=530  //$5z$0Réalisateur de : $313497346$aPhantom (film)
=530  //$5z$0Réalisateur de : $311943761$aNosferatu, eine Symphonie des Grauens (film)
=530  //$5z$0Réalisateur de : $312222523$aFaust, Eine deutsche Volkssage (film)
=686  //$a791$cAudiovisuel$2Note de regroupement par domaine
=801  //$aFR$bFR-751131015$c20110224
=810  //$aNosfératu, 1977-1978 / Druillet ; [d'après le roman de Bram Stoker et le film de F.-W. Murnau], 1988
=810  //$aGDEL$aCent cinéastes allemands I̲n̲ : Histoire du cinéma allemand / Roland Schneider, 1990, p. 207-208$aGDEL$aBoussinot

