=LDR  01737cx  l2200301   4500
=001  FRBNF119317873
=003  http://catalogue.bnf.fr/ark:/12148/cb11931787j
=005  20141215
=039  //$oOPL$a001525314
=100  //$a19810211afrey50      ba0
=106  //$a211
=152  //$brameau$c2
=180  //$ab
=280  /0$7ba0yba0y$8fre   $aNouvelles fantastiques
=305  1/$aVoir aussi les vedettes du type Nouvelles fantastiques [adjectif de langue, de nationalité ou géographique]
=330  //$aSous cette vedette, on trouve les recueils de nouvelles fantastiques de divers pays ou en diverses langues
=480  /0$7ba0yba0y$8fre   $aContes fantastiques
=480  /0$7ba0yba0y$8fre   $aHistoires fantastiques
=480  /0$7ba0yba0y$8fre   $aRécits fantastiques
=580  /0$5g$311952413$7ba0yba0y$8fre   $aLittérature fantastique
=580  /0$5g$311932861$7ba0yba0y$8fre   $aNouvelles
=686  //$a801$cPoésie$2Note de regroupement par domaine
=801  //$aFR$bFR-751131015$c20141215
=810  //$aEncycl. universalis (art. : Nouvelle) : conte fantastique - http://www.universalis-edu.com (2013-05-21)
=810  //$aDict. universel des littératures / B. Didier, 1994 (art. : Nouvelle)$aLe dict. du littéraire / P. Aron, D. Saint-Jacques, A. Viala, 2010 (art. : Fantastique) : nouvelle ou conte$aDict. des termes littéraires, 2005 (art. : Fantastique (littérature)) : contes fantastiques$aDict. des littératures de langue française / J.-P. de Beaumarchais, D. Couty, A. Rey, 1987 (art. : Conte) : conte fantastique
=822  12$aNouvelles fantastiques$2RVMLaval$d2014-12-15
=822  1/$aFantasy fiction$2LCSH$uhttp://id.loc.gov/authorities/subjects/sh85047114$d2017-02-09
=856  //$uhttp://www.universalis-edu.com$e2013-05-21

