=LDR  02868cx  l2200577   4500
=001  FRBNF119318772
=003  http://catalogue.bnf.fr/ark:/12148/cb11931877h
=005  20220509
=039  //$oOPL$a001526512
=039  //$oOPL$a001519973
=039  //$oOPP$a11931349$d20220509
=100  //$a19820209afrey50      ba0
=106  //$a201
=152  //$brameau$c2
=180  //$aa
=280  /0$7ba0yba0y$8fre   $aDictionnaires
=330  //$aS'emploie également en subdivision
=480  /0$7ba0yba0y$8fre   $aDictionnaires spécialisés
=480  /0$7ba0yba0y$8fre   $aDictionnaires encyclopédiques
=480  /0$7ba0yba0y$8fre   $aDictionnaires terminologiques
=480  /0$7ba0yba0y$8fre   $aDictionnaires unilingues
=480  /0$7ba0yba0y$8fre   $aLexiques
=480  /0$7ba0yba0y$8fre   $aTerminologie$xDictionnaires
=480  /0$7ba0yba0y$8fre   $aVocabulaire$xDictionnaires
=550  //$5z$0Voir aussi$311978226$7ba0yba0y$8fre   $aDéfinition$xlinguistique
=550  //$5z$0Voir aussi$311951673$7ba0yba0y$8fre   $aLexicographie
=550  //$5z$0Voir aussi$317809077$7ba0yba0y$8fre   $aMots
=550  //$5z$0Voir aussi$311975796$7ba0yba0y$8fre   $aTerminologie
=550  //$5z$0Voir aussi$313162695$7ba0yba0y$8fre   $aVocabulaire
=550  //$5h$313543582$7ba0yba0y$8fre   $aDictionnaires [adjectif de langue]
=550  //$5h$313169894$7ba0yba0y$8fre   $aDictionnaires électroniques
=580  /0$5z$0Voir aussi$312043290$7ba0yba0y$8fre   $aEncyclopédies
=580  /0$5z$0Voir aussi$311976221$7ba0yba0y$8fre   $aGlossaires et lexiques
=580  /0$5z$0Voir aussi$312651485$7ba0yba0y$8fre   $aQuestions et réponses
=580  /0$5h$316601120$7ba0yba0y$8fre   $aDictionnaires analogiques
=580  /0$5h$316604559$7ba0yba0y$8fre   $aDictionnaires bilingues
=580  /0$5h$311964543$7ba0yba0y$8fre   $aDictionnaires biographiques
=580  /0$5h$316601115$7ba0yba0y$8fre   $aDictionnaires de synonymes et d'antonymes
=580  /0$5h$312091879$7ba0yba0y$8fre   $aDictionnaires étymologiques
=580  /0$5h$311968546$7ba0yba0y$8fre   $aDictionnaires illustrés
=580  /0$5h$311976894$7ba0yba0y$8fre   $aDictionnaires inverses
=580  /0$5h$311975284$7ba0yba0y$8fre   $aDictionnaires multilingues
=580  /0$5h$312070170$7ba0yba0y$8fre   $aDictionnaires pour la jeunesse
=580  /0$5g$311932926$7ba0yba0y$8fre   $aOuvrages de référence
=686  //$a020$cSciences de l'information$2Note de regroupement par domaine
=801  //$aFR$bFR-751131015$c20220509
=810  //$aGrand Larousse universel$aTrésor de la langue française
=822  12$aDictionaries$2LCGFT$uhttp://id.loc.gov/authorities/genreForms/gf2014026086$d2022-05-06
=822  12$aDictionaries$2LCSH$uhttp://id.loc.gov/authorities/subjects/sh2012003393$d2021-05-10
=822  12$aDictionnaires$2RVMGF$d2021-05-10
=822  12$aDictionnaires$2RVMLaval$d2021-05-10

