=LDR  02827cx  l2200577   4500
=001  FRBNF119336101
=003  http://catalogue.bnf.fr/ark:/12148/cb119336105
=005  20170320
=035  //$a(Sudoc)027253139
=039  //$oOPL$a001547435
=100  //$a19810513afrey50      ba0
=106  //$a201
=152  //$brameau$c2
=180  //$aa
=280  /0$7ba0yba0y$8fre   $aThèses et écrits académiques
=330  //$aS'emploie également en subdivision
=480  /0$7ba0yba0y$8fre   $aDissertations académiques
=480  /0$7ba0yba0y$8fre   $aDoctorat, Thèses de
=480  /0$7ba0yba0y$8fre   $aÉcrits académiques
=480  /0$7ba0yba0y$8fre   $aMaîtrise, Mémoires de
=480  /0$7ba0yba0y$8fre   $aMaster, Mémoires de
=480  /0$7ba0yba0y$8fre   $aMémoires de maîtrise
=480  /0$7ba0yba0y$8fre   $aMémoires de master
=480  /0$7ba0yba0y$8fre   $aMémoires professionnels
=480  /0$7ba0yba0y$8fre   $aProjets de fin d'études
=480  /0$7ba0yba0y$8fre   $aRédaction de travaux de recherche
=480  /0$7ba0yba0y$8fre   $aThèses
=480  /0$7ba0yba0y$8fre   $aThèses d'université
=480  /0$7ba0yba0y$8fre   $aThèses de 3e cycle
=480  /0$7ba0yba0y$8fre   $aThèses de doctorat
=480  /0$7ba0yba0y$8fre   $aThèses professionnelles
=480  /0$7ba0yba0y$8fre   $aTravaux académiques
=480  /0$7ba0yba0y$8fre   $aTravaux d'étudiants
=480  /0$7ba0yba0y$8fre   $aTravaux de fin d'études
=480  /0$7ba0yba0y$8fre   $aTravaux de recherche
=480  /0$7ba0yba0y$8fre   $aTravaux universitaires
=550  //$5z$0Voir aussi$316523110$7ba0yba0y$8fre   $aCorpus$xrecherche
=550  //$5z$0Voir aussi$312572306$7ba0yba0y$8fre   $aDisputations
=550  //$5z$0Voir aussi$316235695$7ba0yba0y$8fre   $aDoctorants
=550  //$5z$0Voir aussi$313183352$7ba0yba0y$8fre   $aThèses et écrits académiques$xCatalogage
=550  //$5z$0Voir aussi$311933731$7ba0yba0y$8fre   $aUniversités
=550  //$5g$311933704$7ba0yba0y$8fre   $aTravail intellectuel
=580  /0$5g$312203527$7ba0yba0y$8fre   $aLittérature grise
=686  //$a020$cSciences de l'information$2Note de regroupement par domaine
=686  //$a370$cEducation et enseignement$2Note de regroupement par domaine
=801  //$aFR$bFR-751131015$c20170320
=810  //$aLCSH : Dissertations, Academic (tête de vedette) ; Dissertations (subdivision)
=810  //$aThèses & autres écrits académiques : identification et localisation / Bibliothèque nationale de France, Département de recherche bibliographique, 2005
=822  12$aDissertations, Academic$2LCSH$uhttp://id.loc.gov/authorities/subjects/sh85038494$d2016-11-24
=822  12$aDissertations$2LCSH$uhttp://id.loc.gov/authorities/subjects/sh99005673$d2016-11-24
=822  12$aThèses et écrits académiques$2RVMLaval$d2016-11-24

