=LDR  01779cx  l2200385   4500
=001  FRBNF119346985
=003  http://catalogue.bnf.fr/ark:/12148/cb11934698n
=005  20201126
=039  //$oOPL$a001560977
=100  //$a19830804afrey50      ba0
=106  //$a211
=152  //$brameau$c2
=180  //$ab
=280  /0$7ba0yba0y$8fre   $aBallet
=330  //$aSous cette vedette, on trouve les documents sur le ballet en tant que spectacle chorégraphique
=480  /0$7ba0yba0y$8fre   $aBallets
=550  //$5z$0Voir aussi$312525580$7ba0yba0y$8fre   $aBallet$xIntrigues (narration)
=550  //$5z$0Voir aussi$311977846$7ba0yba0y$8fre   $aChorégraphie
=550  //$5z$0Voir aussi$312220743$7ba0yba0y$8fre   $aCompagnies de danse
=550  //$5z$0Voir aussi$311957047$7ba0yba0y$8fre   $aDanse classique
=550  //$5z$0Voir aussi$312547666$7ba0yba0y$8fre   $aPartitions chorégraphiques
=550  //$5g$311931841$7ba0yba0y$8fre   $aDanse
=580  /0$5z$0Voir aussi$312138226$7ba0yba0y$8fre   $aMusique de ballet
=580  /0$5h$312489903$7ba0yba0y$8fre   $aBallet d'action
=580  /0$5h$312405219$7ba0yba0y$8fre   $aBallet de cour
=580  /0$5h$312489907$7ba0yba0y$8fre   $aBallet romantique
=580  /0$5h$312234442$7ba0yba0y$8fre   $aComédie-ballet
=580  /0$5h$314648477$7ba0yba0y$8fre   $aOpéras-ballets
=580  /0$5h$315065454$7ba0yba0y$8fre   $aTragédie-ballet
=686  //$a790$cSpectacles et loisirs (généralités)$2Note de regroupement par domaine
=801  //$aFR$bFR-751131015$c20201126
=810  //$aNouveau petit Robert 1993$aTrésor de la langue française
=810  //$aDict. de la danse / P. Le Moal, 1999
=822  12$aBallet$2LCSH$uhttp://id.loc.gov/authorities/subjects/sh85011275$d2020-11-26
=822  12$aBallet$2RVMLaval$d2020-11-26

