=LDR  02010cx  l2200421   4500
=001  FRBNF119347724
=003  http://catalogue.bnf.fr/ark:/12148/cb119347727
=005  20180619
=039  //$oOPL$a001561812
=100  //$a19810901afrey50      ba0
=106  //$a201
=152  //$brameau$c2
=180  //$aa
=280  /0$7ba0yba0y$8fre   $aAnthologies
=305  1/$aVoir aussi la subdivision Dans la littérature à tous sujets noms communs et noms propres pour des études sur la représentation ou le traitement de ces sujets dans les oeuvres littéraires
=305  1/$aVoir aussi la subdivision de forme Lectures et morceaux choisis aux langues
=330  //$aS'emploie également en subdivision
=480  /0$7ba0yba0y$8fre   $aAnthologie
=480  /0$7ba0yba0y$8fre   $aAnthologies littéraires
=480  /0$7ba0yba0y$8fre   $aChrestomathies
=480  /0$7ba0yba0y$8fre   $aDans la littérature$xAnthologies
=480  /0$7ba0yba0y$8fre   $aFlorilèges
=480  /0$7ba0yba0y$8fre   $aLittérature$xAnthologies
=480  /0$7ba0yba0y$8fre   $aLittérature$xSélections
=480  /0$7ba0yba0y$8fre   $aMorceaux choisis
=480  /0$7ba0yba0y$8fre   $aOeuvres choisies
=480  /0$7ba0yba0y$8fre   $aRecueils d'oeuvres choisies
=480  /0$7ba0yba0y$8fre   $aRecueils de morceaux choisis
=480  /0$7ba0yba0y$8fre   $aRecueils de textes choisis
=480  /0$7ba0yba0y$8fre   $aTextes choisis
=580  /0$5z$0Voir aussi$311941382$7ba0yba0y$8fre   $aLectures et morceaux choisis
=686  //$a780$cMusique$2Note de regroupement par domaine
=686  //$a801$cPoésie$2Note de regroupement par domaine
=801  //$aFR$bFR-751131015$c20180619
=822  12$aAnthologies$2RVMLaval$d2018-06-19
=822  1/$aLiterary collections$2LCSH$uhttp://id.loc.gov/authorities/subjects/sh99001634$d2017-02-09
=822  1/$aLiterature--Collections$2LCSH$uhttp://id.loc.gov/authorities/subjects/sh85077515$d2017-02-09
=822  12$aAnthologies$2LCSH$uhttp://id.loc.gov/authorities/subjects/sh85005534$d2017-02-09

