=LDR  01781cx  l2200337   4500
=001  FRBNF119388870
=003  http://catalogue.bnf.fr/ark:/12148/cb11938887h
=005  20140108
=039  //$oOPL$a00161476X
=100  //$a19840821afrey50      ba0
=106  //$a211
=152  //$brameau$c2
=180  //$aa
=280  /0$7ba0yba0y$8fre   $aLivres illustrés pour enfants
=330  //$aSous cette vedette de forme, on trouve les livres pour enfants dont l'illustration existe en rapport au texte. Les oeuvres de fiction destinées aux enfants, constituées essentiellement d'images, se trouvent sous Livres d'images
=480  /0$7ba0yba0y$8fre   $aAlbums pour enfants
=480  /0$7ba0yba0y$8fre   $aEnfants$xLivres illustrés
=480  /0$7ba0yba0y$8fre   $aLivres pour enfants illustrés
=550  //$5z$0Voir aussi$314610852$7ba0yba0y$8fre   $aIllustrations pour la jeunesse
=550  //$5g$316732838$7ba0yba0y$8fre   $aLivres pour enfants
=580  /0$5z$0Voir aussi$312343080$7ba0yba0y$8fre   $aLivres animés
=580  /0$5z$0Voir aussi$311965688$7ba0yba0y$8fre   $aLivres d'images
=580  /0$5z$0Voir aussi$312489722$7ba0yba0y$8fre   $aLivres en carton
=580  /0$5g$313318510$7ba0yba0y$8fre   $aLivres illustrés
=686  //$a020$cSciences de l'information$2Note de regroupement par domaine
=686  //$a300$cSciences sociales$2Note de regroupement par domaine
=686  //$a740$cDessin, arts décoratifs, artisanat d'art$2Note de regroupement par domaine
=801  //$aFR$bFR-751131015$c20140108
=810  //$aLes livres illustrés pour enfants et l'acquisition du langage / L. Lentin, 1983
=822  12$aLivres illustrés pour enfants$2RVMLaval$d2014-01-08
=822  1/$aIllustrated children's books$2LCSH$uhttp://id.loc.gov/authorities/subjects/sh85064405$d2017-02-09

