=LDR  00859cx  a2200253   4500
=001  FRBNF119487345
=003  http://catalogue.bnf.fr/ark:/12148/cb11948734v
=005  20160311
=010  //$a0000000079992137$2ISNI$d20161107
=039  //$oOPL$a001746138
=100  //$a19820908afrey50      ba0
=101  //$aund
=102  //$aXX
=103  //$a 1430    ? 1476    ?
=106  //$a210
=120  //$ab
=152  //$c2
=200  //$7ba0yba0y$8fre   $9 0 $aVlad$dIII$f1430?-1476?$cprince de Valachie
=400  //$7ba0yba0y$8fre   $aDracula$f1430?-1476?$ccomte
=400  //$7ba0yba0y$8fre   $aVlad Drăculea$f1430?-1476?
=400  //$7ba0yba0y$8fre   $aVlad l'Empaleur$f1430?-1476?
=400  //$7ba0yba0y$8fre   $aȚepeș$bVlad$f1430?-1476?
=801  //$aFR$bFR-751131015$c20160311
=810  //$aGDEL, art. "Dracula" et "Vlad"$aL'Histoire du prince Dracula / Matei Cazacu, 1988

