=LDR  01536cx  c2200337   4500
=001  FRBNF119491030
=003  http://catalogue.bnf.fr/ark:/12148/cb119491035
=005  20070309
=039  //$oOPL$a001751530
=100  //$a19820908afrey50      ba0
=106  //$a200
=152  //$brameau$c2
=215  //$7ba0yba0y$8fre   $aValachie (Roumanie)
=300  1/$aAncienne principauté, dont l'union avec la Moldavie a formé la Roumanie en 1861
=415  //$7ba0yba0y$8frerum$aŢara Românească (Roumanie)
=415  //$7ba0yba0y$8fre   $aValachie (Principauté)
=415  //$7ba0yba0y$8fre   $aValaquie (Roumanie)
=500  //$5z$316202556$7ba0yba0y$8fre   $9 0 $aMavrocordat$bConstantin$f1711-1769
=500  //$5z$310738761$7ba0yba0y$8fre   $9 0 $aBibesco$bGeorges Démèter$f1802-1873$cprince
=515  //$5h$316912769$7ba0yba0y$8fre   $aLoviștea (Roumanie)
=515  //$5h$315515892$7ba0yba0y$8fre   $aMunténie (Roumanie)
=515  //$5h$311934408$7ba0yba0y$8fre   $aOlténie (Roumanie)
=550  //$5h$316912769$7ba0yba0y$8fre   $aLoviștea (Roumanie)
=550  //$5h$315515892$7ba0yba0y$8fre   $aMunténie (Roumanie)
=550  //$5h$311934408$7ba0yba0y$8fre   $aOlténie (Roumanie)
=550  //$5g$311934311$7ba0yba0y$8fre   $aRoumanie
=686  //$a914$2Note de regroupement par domaine
=801  //$aFR$bFR-751131015$c20070309
=810  //$aLaval RVM (en ligne), 2007-03-09 : Valachie$aLC Authorities (en ligne), 2007-03-09 : Wallachia
=810  //$aGrand Larousse universel
=810  //$aDict. encycl. d'histoire / M. Mourre, 1996

