=LDR  00444cx  c2200157   4500
=001  FRBNF119498199
=003  http://catalogue.bnf.fr/ark:/12148/cb11949819g
=005  19900531
=039  //$oOPL$a001761040
=100  //$a19821126afrey50      ba0
=106  //$a210
=152  //$brameau$c2
=215  //$7ba0yba0y$8fre   $aAllemagne$z1918-1945
=415  //$7ba0yba0y$8fre   $aQuestion allemande (1918-1945)
=801  //$aFR$bFR-751131015$c19900531
=815  //$aLCSH, 1989-12

