=LDR  03414cx  l2200529   4500
=001  FRBNF119524135
=003  http://catalogue.bnf.fr/ark:/12148/cb11952413t
=005  20211022
=039  //$oOPL$a001796059
=100  //$a19840124afrey50      ba0
=106  //$a211
=152  //$brameau$c2
=180  //$ab
=280  /0$7ba0yba0y$8fre   $aLittérature fantastique
=300  1/$aA la différence du merveilleux, d'emblée situé dans le surnaturel, le récit fantastique, né au 19ème siècle, introduit dans un monde familier des phénomènes mystérieux et inexplicables, souvent effrayants
=305  1/$aVoir aussi les vedettes du type Littérature fantastique [adjectif de langue, de nationalité ou géographique]
=330  //$aSous cette vedette, on trouve recueils de littérature fantastique de divers pays ou en diverses langues. La littérature relevant davantage du merveilleux, en particulier depuis le milieu du 20e siècle, se trouve sous Fantasy. Les documents sur les éléments fantastiques dans la littérature en général se trouvent sous Fantastique (littérature)
=480  /0$7ba0yba0y$8fre   $aFantômes, Histoires de
=480  /0$7ba0yba0y$8fre   $aHistoires de fantômes
=480  /0$7ba0yba0y$8fre   $aLittérature weird
=480  /0$7ba0yba0y$8freeng$aNew weird
=480  /0$7ba0yba0y$8fre   $aRécits fantastiques
=550  //$5z$0Voir aussi$311960114$7ba0yba0y$8fre   $aFantastique$xlittérature
=550  //$5z$0Voir aussi$317926213$7ba0yba0y$8fre   $aRéalisme fantastique
=550  //$5z$0Voir aussi$311965170$7ba0yba0y$8fre   $aRéalisme magique$xlittérature
=580  /0$5z$0Voir aussi$315040091$7ba0yba0y$8fre   $aFantasy
=580  /0$5z$0Voir aussi$311945821$7ba0yba0y$8fre   $aLittérature d'épouvante
=580  /0$5z$0Voir aussi$311933945$7ba0yba0y$8fre   $aRoman gothique
=580  /0$5h$316555383$7ba0yba0y$8fre   $aBandes dessinées fantastiques
=580  /0$5h$316562454$7ba0yba0y$8fre   $aBit lit
=580  /0$5h$316527762$7ba0yba0y$8fre   $aLittérature fantastique pour la jeunesse
=580  /0$5h$311931787$7ba0yba0y$8fre   $aNouvelles fantastiques
=580  /0$5h$312200136$7ba0yba0y$8fre   $aPoésie fantastique
=580  /0$5h$317863011$7ba0yba0y$8fre   $aRoman fantastique
=580  /0$5h$312187827$7ba0yba0y$8fre   $aThéâtre fantastique
=580  /0$5g$311939456$7ba0yba0y$8fre   $aLittérature
=686  //$a801$cPoésie$2Note de regroupement par domaine
=801  //$aFR$bFR-751131015$c20211022
=810  //$aGrand Robert de la langue française, 2001 (art. : Fantastique)$aEncycl. universalis (art. : Fantastique) - http://www.universalis-edu.com (2014-01-07)$aWikipédia (art. : New weird)
=810  //$aDict. universel des littératures / B. Didier, 1994 (art. : Fantastique)$aDict. des termes littéraires, 2005$aGlossaire bilingue des termes littéraires : français-anglais / M. Quivy, 2004
=822  14$aFantasy fiction$2LCSH$uhttp://id.loc.gov/authorities/subjects/sh85047114$d2021-10-22
=822  15$aFantasy literature$2LCSH$uhttp://id.loc.gov/authorities/subjects/sh85047145$d2021-10-22
=822  14$aGhost stories$2LCSH$uhttp://id.loc.gov/authorities/subjects/sh85054811$d2021-10-22
=822  15$aLittérature fantastique$2RVMLaval$d2021-10-22
=822  14$aRoman fantastique$2RVMLaval$d2021-10-22
=822  14$aHistoires de fantômes$2RVMLaval$d2020-01-27
=856  //$uhttp://www.universalis-edu.com$e2014-01-07

