=LDR  01214cx  l2200277   4500
=001  FRBNF119562602
=003  http://catalogue.bnf.fr/ark:/12148/cb11956260r
=005  20130613
=039  //$oOPL$a001846829
=100  //$a19830620afrey50      ba0
=106  //$a201
=152  //$brameau$c2
=180  //$aa
=280  /0$7ba0yba0y$8fre   $aFac-similés
=300  1/$aReproduction exacte (conforme à l'original mais parfois à une autre échelle) d'un document écrit, d'un dessin, etc.
=330  //$aS'emploie également en subdivision
=480  /0$7ba0yba0y$8fre   $aReproduction en fac-similé
=550  //$5g$311934631$7ba0yba0y$8fre   $aCopie
=580  /0$5z$0Voir aussi$311975929$7ba0yba0y$8fre   $aSpécimens
=580  /0$5h$312110956$7ba0yba0y$8fre   $aFac-similés de manuscrits
=686  //$a020$cSciences de l'information$2Note de regroupement par domaine
=801  //$aFR$bFR-751131015$c20130613
=810  //$aGrand Larousse universel$aGrand Robert de la langue française, 2001$aTrésor de la langue française
=810  //$aVocabulaire de la documentation / AFNOR, 1987
=822  12$aFac-similés$2RVMLaval$d2013-06-13
=822  1/$aFacsimiles$2LCSH$uhttp://id.loc.gov/authorities/subjects/sh85046816$d2017-02-09

