=LDR  01217cx  j2200241   4500
=001  FRBNF11976234X
=003  http://catalogue.bnf.fr/ark:/12148/cb11976234m
=005  20140403
=039  //$oOPL$a002127231
=100  //$a19850702afrey50      ba0
=106  //$a220
=152  //$brameau$c2
=250  //$7ba0yba0y$8fre   $a15e siècle
=330  //$aS'emploie uniquement en subdivision chronologique [sans subd. géogr.] à tous sujets noms communs et noms propres, à l'exception des personnes et des sujets pour lesquels il existe un découpage chronologique spécifique, par ex. : Grande-Bretagne -- 1399-1485 (Lancastre et York)
=450  //$7ba0yba0y$8fre   $a15e siècle (subdivision)
=450  //$7ba0yba0y$8fre   $aQuinzième siècle (subdivision)
=450  //$7ba0yba0y$8fre   $aXVe siècle (subdivision)
=550  //$5z$0Voir aussi$311973624$7ba0yba0y$8fre   $aQuinzième siècle
=550  //$5g$311975717$7ba0yba0y$8fre   $aMoyen âge
=550  //$5g$311993774$7ba0yba0y$8fre   $aRenaissance
=686  //$a900$cHistoire et géographie (généralités)$2Note de regroupement par domaine
=801  //$aFR$bFR-751131015$c20140403
=822  1/$a15th century$2LCSH$uhttp://id.loc.gov/authorities/subjects/sh2002012469$d2017-02-09

