=LDR  01255cx  l2200301   4500
=001  FRBNF119791686
=003  http://catalogue.bnf.fr/ark:/12148/cb11979168c
=005  20040830
=039  //$oOPL$a002167101
=100  //$a19880517afrey50      ba0
=106  //$a201
=152  //$brameau$c2
=180  //$aa
=280  /0$7ba0yba0y$8fre   $aNotes, esquisses, etc.
=330  //$aS'emploie également en subdivision
=480  /0$7ba0yba0y$8fre   $aCarnets
=480  /0$7ba0yba0y$8fre   $aEsquisses
=550  //$5z$0Voir aussi$315068650$7ba0yba0y$8fre   $aCarnets de croquis
=550  //$5z$0Voir aussi$312318487$7ba0yba0y$8fre   $aEsquisses$xmusique
=550  //$5z$0Voir aussi$312369740$7ba0yba0y$8fre   $aCahiers
=550  //$5z$0Voir aussi$311939948$7ba0yba0y$8fre   $aEsquisses$xart
=550  //$5z$0Voir aussi$313618158$7ba0yba0y$8fre   $aManuscrits d'écrivains
=580  /0$5z$0Voir aussi$313318362$7ba0yba0y$8fre   $aManuscrits
=686  //$a700$cArts$2Note de regroupement par domaine
=686  //$a801$cPoésie$2Note de regroupement par domaine
=801  //$aFR$bFR-751131015$c20040830
=822  12$aNotes, esquisses, etc.$2RVMLaval$d2004-08-30
=822  1/$aNotebooks, sketchbooks, etc.$2LCSH$uhttp://id.loc.gov/authorities/subjects/sh99001659$d2017-02-09

