=LDR  01823cx  j2200385   4500
=001  FRBNF119966477
=003  http://catalogue.bnf.fr/ark:/12148/cb11996647g
=005  20220107
=039  //$oOPL$a002356657
=100  //$a19860514afrey50      ba0
=106  //$a221
=152  //$brameau$c2
=250  //$7ba0yba0y$8fre   $aDans la littérature
=330  //$aS'emploie uniquement en subdivision
=450  //$7ba0yba0y$8fre   $aDans la poésie
=450  //$7ba0yba0y$8fre   $aDans le théâtre
=450  //$7ba0yba0y$8fre   $aDans les romans
=450  //$7ba0yba0y$8fre   $aReprésentation dans la littérature
=450  //$7ba0yba0y$8fre   $aReprésentation littéraire
=450  //$7ba0yba0y$8fre   $aReprésentation romanesque
=450  //$7ba0yba0y$8fre   $aThème littéraire
=550  //$5z$0Voir aussi$312156684$7ba0yba0y$8fre   $aAu théâtre
=550  //$5z$0Voir aussi$317103399$7ba0yba0y$8fre   $aDans la Bible
=550  //$5z$0Voir aussi$317112508$7ba0yba0y$8fre   $aDans le Coran
=550  //$5z$0Voir aussi$311936508$7ba0yba0y$8fre   $aLittérature$xThèmes, motifs
=550  //$5z$0Voir aussi$311939100$7ba0yba0y$8fre   $aLittérature et guerre
=550  //$5z$0Voir aussi$311960175$7ba0yba0y$8fre   $aLittérature et révolution
=550  //$5h$316604778$7ba0yba0y$8fre   $aDans la littérature pour la jeunesse
=550  //$5h$317031814$7ba0yba0y$8fre   $aDans la littérature rabbinique
=580  /0$5z$0Voir aussi$311939701$7ba0yba0y$8fre   $aThéâtre$xgenre littéraire
=580  /0$5z$0Voir aussi$311939456$7ba0yba0y$8fre   $aLittérature
=686  //$a801$cPoésie$2Note de regroupement par domaine
=801  //$aFR$bFR-751131015$c20220107
=822  12$aIn literature$2LCSH$uhttp://id.loc.gov/authorities/subjects/sh2002011414$d2022-01-07
=822  12$aDans la littérature$2RVMLaval$d2022-01-07

