=LDR  00906cx  a2200229   4500
=001  FRBNF120861936
=003  http://catalogue.bnf.fr/ark:/12148/cb12086193n
=005  20120612
=010  //$a0000000108832117$2VIAF$d20130724
=039  //$oOPL$a004141190
=039  //$oOPP$a14356331$d20120605
=100  //$a19880928afrey50      ba0
=101  //$afre$tgmh$trus
=102  //$aFR
=103  //$a 19460711
=105  //$aa$ap
=106  //$a1
=120  //$ab
=200  //$7ba0yba0y$8fre   $9 0 $aCazacu$bMatei$f1946-....
=300  0/$aChercheur au CNRS (en 1988). - Enseigne l'histoire de la Roumanie à l'Université de Paris IV (en 1988). - Chargé de recherche à l'Institut de recherche et d'histoire des textes, section slave (en 1983). - Archiviste paléographe (1977)
=801  //$aFR$bFR-751131015$c20120612
=810  //$aL'Histoire du prince Dracula... : éd. critique, trad. et commentaire / M. Cazacu, 1988

