=LDR  01840cx  a2200433   4500
=001  FRBNF120868852
=003  http://catalogue.bnf.fr/ark:/12148/cb12086885z
=005  20180404
=010  //$a0000000081560851$2ISNI$d20131217
=039  //$oOPL$a01299661X$zAMA
=039  //$oOPL$a004148555$zAPP
=039  //$oOPP$a14045743$d20060928
=039  //$oOPP$a14653416$d20060928
=039  //$oOPP$a14855911$d20060928
=100  //$a19881005afrey50      ba0
=101  //$aeng
=102  //$aUS
=103  //$a 1882      1962
=105  //$aa$ai
=106  //$a010
=152  //$c2
=200  //$7ba0yba0y$8fre   $9 0 $aBrowning$bTod$f1882-1962
=300  //$aCinéaste
=530  //$5z$0Réalisateur de : $316473055$aThe devil doll (film)
=530  //$5z$0Réalisateur de : $316468436$aLa vierge de Stamboul (film)
=530  //$5z$0Réalisateur de : $316462745$aThe unknown (film ; 1927)
=530  //$5z$0Réalisateur de : $316461023$aThe show (film)
=530  //$5z$0Réalisateur de : $316460058$aDracula (1931 ; film)
=530  //$5z$0Réalisateur de : $316459420$aBonnie Bonnie Lassie (film)
=530  //$5z$0Réalisateur de : $314660593$aWhere east is east (film)
=530  //$5z$0Réalisateur de : $314660591$aThe unholy three (film ; 1925)
=530  //$5z$0Réalisateur de : $314660590$aThe road to Mandalay (film)
=530  //$5z$0Réalisateur de : $314660592$aWest of Zanzibar (film ; 1928)
=530  //$5z$0Réalisateur de : $314660589$aThe black bird (film)
=530  //$5z$0Réalisateur de : $315089128$aFreaks (film)
=686  //$a791$cAudiovisuel$2Note de regroupement par domaine
=801  //$aFR$bFR-751131015$c20180404
=810  //$aFreaks / adapt. de G. de Kermabon d'après le film de T. Browning, 1988
=810  //$aDark carnival / D.J. Skal, E. Savada, 1995 (cf. photo de la pierre tombale portant la date du décès)

