=LDR  01154cx  j2200265   4500
=001  FRBNF121138614
=003  http://catalogue.bnf.fr/ark:/12148/cb12113861z
=005  20150316
=039  //$oOPL$a004575219
=100  //$a19890526afrey50      ba0
=106  //$a211
=152  //$brameau$c2
=250  //$7ba0yba0y$8fre   $aExpressionnisme (cinéma)
=450  //$7ba0yba0y$8fre   $aCinéma expressionniste
=450  //$7ba0yba0y$8fre   $aExpressionnisme cinématographique
=450  //$7ba0yba0y$8fre   $aFilms expressionnistes$xHistoire et critique
=550  //$5g$316192535$7ba0yba0y$8fre   $aCinéma$xAllemagne
=550  //$5g$311931199$7ba0yba0y$8fre   $9  2$aCinéma$xEsthétique
=550  //$5g$311937154$7ba0yba0y$8fre   $9  2$aExpressionnisme
=686  //$a791$cAudiovisuel$2Note de regroupement par domaine
=801  //$aFR$bFR-751131015$c20150316
=810  //$aGrand Larousse universel
=810  //$aL'encycl. du cinéma / R. Boussinot, 1995$aDict. du cinéma / J.-L. Passek, 1991
=822  12$aExpressionnisme (cinéma)$2RVMLaval$d2015-03-16
=822  1/$aExpressionism in motion pictures$2LCSH$uhttp://id.loc.gov/authorities/subjects/sh97000960$d2017-02-09

