=LDR  03364cx  a2200685   4500
=001  FRBNF121178391
=003  http://catalogue.bnf.fr/ark:/12148/cb12117839r
=005  20170203
=010  //$a0000000121215105$2VIAF$d20130725
=039  //$oOPL$a002484984$zAMA
=039  //$oOPL$a004632563$zAPP
=039  //$oOPP$a14905960$d20070102
=039  //$oOPP$a14686876$d20070102
=039  //$oOPP$a14861051$d20070102
=100  //$a19890630afrey50      ba0
=101  //$ager
=102  //$aUS
=103  //$a 18901205  19760802
=105  //$aa$ai$ap
=106  //$a010
=120  //$ab
=152  //$c2
=200  //$7ba0yba0y$8fre   $9 0 $aLang$bFritz$f1890-1976
=300  //$aCinéaste américain d'origine autrichienne
=530  //$5z$0Réalisateur de : $317018581$aRancho notorious (film)
=530  //$5z$0Réalisateur de : $316474130$aDer Tiger von Eschnapur (film ; 1959)
=530  //$5z$0Réalisateur de : $316473169$aSecret beyond the door (film)
=530  //$5z$0Réalisateur de : $316472418$aDas indische Grabmal (film ; 1959)
=530  //$5z$0Réalisateur de : $316463143$aDie tausend Augen des Dr. Mabuse (film)
=530  //$5z$0Réalisateur de : $316462723$aYou only live once (film)
=530  //$5z$0Réalisateur de : $316462722$aYou and me (film)
=530  //$5z$0Réalisateur de : $316462232$aLiliom (film ; 1934)
=530  //$5z$0Réalisateur de : $316461938$aDer müde Tod (film)
=530  //$5z$0Réalisateur de : $314663173$aWestern Union (film)
=530  //$5z$0Réalisateur de : $314663163$aHangmen also die ! (film)
=530  //$5z$0Réalisateur de : $314663171$aThe return of Frank James (film)
=530  //$5z$0Réalisateur de : $314663168$aScarlet street (film)
=530  //$5z$0Réalisateur de : $314663170$aThe blue gardenia (film)
=530  //$5z$0Réalisateur de : $314663174$aWhile the city sleeps (film ; 1956)
=530  //$5z$0Réalisateur de : $314663164$aHuman desire (film)
=530  //$5z$0Réalisateur de : $314663159$aBeyond a reasonable doubt (film)
=530  //$5z$0Réalisateur de : $314663158$aAmerican guerrilla in the Philippines (film)
=530  //$5z$0Réalisateur de : $314663162$aFury (film ; 1936)
=530  //$5z$0Réalisateur de : $314663172$aThe woman in the window (film)
=530  //$5z$0Réalisateur de : $316561534$aSpione (film)
=530  //$5z$0Réalisateur de : $316174021$aCloak and dagger (film)
=530  //$5z$0Réalisateur de : $314613390$aMinistry of fear (film)
=530  //$5z$0Réalisateur de : $314547007$aDr. Mabuse der Spieler (film)
=530  //$5z$0Réalisateur de : $314475512$aMoonfleet (film)
=530  //$5z$0Réalisateur de : $311960015$aDas Testament des Dr Mabuse (film)
=530  //$5z$0Réalisateur de : $313561548$aDie Nibelungen (film)
=530  //$5z$0Réalisateur de : $312207489$aMetropolis (film ; 1927)
=530  //$5z$0Réalisateur de : $312508428$aMan hunt (film)
=530  //$5z$0Réalisateur de : $312146985$aM (film)
=530  //$5z$0Réalisateur de : $313497324$aFrau im Mond (film)
=530  //$5z$0Réalisateur de : $312265764$aThe big heat (film)
=801  //$aFR$bFR-751131015$c20170203
=810  //$aLe testament du Dr Mabuse [Images animées] / Fritz Lang, 1999$aDer Berg des Aberglaubens / Fritz Lang, 1988
=810  //$aGDEL$aDict. du cinéma Larousse, 1986$aBrockhaus 19. Aufl.
=810  //$aBN Cat. gén. 1960-1969

