=LDR  00915cx  a2200265   4500
=001  FRBNF121216618
=003  http://catalogue.bnf.fr/ark:/12148/cb121216614
=005  20220506
=010  //$a0000000122768254$2ISNI$d20150313
=039  //$oOPL$a004689678
=039  //$oOPP$a14689082$d20070924
=039  //$oOPP$a14861684$d20070924
=100  //$a19890818afrey50      ba0
=102  //$aUS
=103  //$a 18821020  19560816
=105  //$aa$ai
=106  //$a010
=120  //$ab
=152  //$c2
=200  //$7ba0yba0y$8fre   $9 0 $aLugosi$bBela$f1882-1956
=300  //$aActeur
=801  //$aFR$bFR-751131015$c20220506
=810  //$aNinotchka [Images animées] / Ernst Lubitsch, réal. ; Walter Reisch, Bela Lugosi... [et al.], act. Warner home video France, [1994]
=810  //$aIMDb - https://www.imdb.com/name/nm0000509/?ref_=fn_al_nm_1 (2016-10-06)
=856  //$uhttps://www.imdb.com/name/nm0000509/?ref_=fn_al_nm_1$e2016-10-06

