=LDR  01623cx  a2200337   4500
=001  FRBNF121506653
=003  http://catalogue.bnf.fr/ark:/12148/cb12150665w
=005  20170718
=010  //$a0000000031532932$2VIAF$d20130725
=039  //$oOPL$a005123601$zAMA
=039  //$oOPL$a005116628$zAPP
=039  //$oOPP$a14893882$d20070523
=100  //$a19900615afrey50      ba0
=101  //$afre
=102  //$aFR
=103  //$a 19500407
=105  //$aa$ai$ap$ac
=106  //$a010
=120  //$ab
=200  //$7ba0yba0y$8fre   $9 0 $aGallotta$bJean-Claude$f1950-....
=300  //$aChorégraphe. - Directeur artistique du Cargo à Grenoble (1986-1989) et du Centre chorégraphique national de Grenoble
=301  //$aGrenoble
=510  //$5xxxz$0Dirige : $315090521$7ba0yba0y$8fre   $920 $aGroupe Émile Dubois$p1979-....
=510  //$5xxxz$0Dirige : $312395021$7ba0yba0y$8fre   $920 $aCentre chorégraphique national de Grenoble$p1984-....
=530  //$5z$0Réalisateur de : $317703270$aRei Dom ou la légende des Kreuls (film)
=530  //$5z$0Réalisateur de : $317702883$aCarnets d'un toubab (film)
=530  //$5z$0Réalisateur de : $317702879$aCarnets d'altitude (film)
=686  //$a790$cSpectacles et loisirs (généralités)$2Note de regroupement par domaine
=801  //$aFR$bFR-751131015$c20170718
=810  //$aMémoires d'un dictaphone : notes d'un chorégraphe / Jean-Claude Gallotta, 1990
=810  //$aWW, France 1995-1996$aDictionnaire de la danse / sous la dir. de Philippe Le Moal, 1999$a99 biographies pour comprendre la jeune danse française (Les saisons de la danse. Numéro hors série - été 97)

