=LDR  00831cx  a2200229   4500
=001  FRBNF121697023
=003  http://catalogue.bnf.fr/ark:/12148/cb12169702n
=005  20110329
=010  //$a0000000121252440$2VIAF$d20130725
=039  //$oOPL$a005498409
=039  //$oOPP$a14773307$d20110329
=100  //$a19901120afrey50      ba0
=101  //$afre
=102  //$aFR
=103  //$a 19..
=105  //$aa
=106  //$a1
=120  //$ab
=200  //$7ba0yba0y$8fre   $9 0 $aPozzuoli$bAlain
=300  0/$aParolier pour diverses chanteuses et scénariste, biographe de Bram Stoker et spécialiste de Dracula. - Auteur radio pour France Inter et France Culture (en 2009)
=801  //$aFR$bFR-751131015$c20110329
=810  //$aBram Stoker, prince des ténèbres / A. Pozzuoli, 1989$aDictionnaire des yé-yés / Alain Pozzuoli, impr. 2009

