=LDR  01200cx  a2200301   4500
=001  FRBNF121714679
=003  http://catalogue.bnf.fr/ark:/12148/cb12171467p
=005  20141105
=010  //$a0000000116057085$2ISNI$d20170818
=039  //$oOPL$a006620175$zAMA
=039  //$oOPL$a005582063$zAPP
=039  //$oOPP$a13989757$d20141105
=039  //$oOPP$a11627758$d20141105
=100  //$a19901126afrey50      ba0
=101  //$ager
=102  //$aXX
=103  //$a 18821107  19421121
=105  //$aa
=106  //$a010
=120  //$ab
=152  //$c2
=200  //$7ba0yba0y$8fre   $9 0 $aErdmann$bHans$f1882-1942
=300  //$aCompositeur de musique de film et théoricien. - Rédacteur en chef de la Revue Film-Ton-Kunst (en 1926). - Membre fondateur de la Gesellschaft der Film-Musik-Autoren
=301  //$aBreslau, Allemagne$bBerlin
=400  //$7ba0yba0y$8fre   $aGuckel$bHans Erdmann Timotheos$f1882-1942
=686  //$a791$cAudiovisuel$2Note de regroupement par domaine
=801  //$aFR$bFR-751131015$c20141105
=810  //$aAllgemeines Handbuch der Film-Musik : I. Musik und Film Verzeichnisse [-II. Thematisches Skalenregister] / von Hans Erdmann und Giuseppe Becce ; unter Mitarbeit von Ludwig Brav, 1927

