=LDR  01097cx  a2200217   4500
=001  FRBNF121791444
=003  http://catalogue.bnf.fr/ark:/12148/cb121791444
=005  20051020
=010  //$a0000000039324716$2VIAF$d20130725
=039  //$oOPL$a005968104
=100  //$a19901227afrey50      ba0
=101  //$afre
=102  //$aFR
=103  //$a 19..
=105  //$aa
=106  //$a1
=120  //$ab
=200  //$7ba0yba0y$8fre   $9 0 $aSipière$bDominique
=300  0/$aAgrégé d'anglais et docteur ès lettres. - Spécialiste de cinéma classique américain. - Maître de conférences à l'Université de Picardie (en 1995) puis professeur à l'Université du Littoral (en 2005). - Président honoraire de la SERCIA, Société d'études et de recherches sur le cinéma anglophone (en 2005)
=801  //$aFR$bFR-751131015$c20051020
=810  //$aMariages à la mode anglo-saxonne / textes réunis et présentés par Roger Lejosne et Dominique Sipière, 1995$a"Dracula" : l'oeuvre de Bram Stoker et le film de Francis F. Coppola / ouvrage dirigé par Gilles Menegaldo et Dominique Sipière, impr. 2005

