=LDR  01002cx  a2200253   4500
=001  FRBNF122027652
=003  http://catalogue.bnf.fr/ark:/12148/cb12202765s
=005  20120622
=010  //$a0000000000646937$2VIAF$d20130725
=039  //$oOPL$a007083059
=039  //$oOPP$a13995923$d20110919
=100  //$a19910531afrey50      ba0
=101  //$afre
=102  //$aFR
=103  //$a 19..
=105  //$aa
=106  //$a1
=120  //$aa
=200  //$7ba0yba0y$8fre   $9 0 $aSendre-Haïdar$bMichèle
=300  0/$aInspectrice de l'Éducation nationale (en 2010)
=400  //$7ba0yba0y$8fre   $aSendre$bMichèle
=400  //$7ba0yba0y$8fre   $aHaïdar$bMichèle Sendre-
=801  //$aFR$bFR-751131015$c20120622
=810  //$aFrançais 3e / Simone Delesalle, Michèle Sendre, Christine Eschenbrenner et Françoise Torregrosa, 1992$aLa nuit du renard / Mary Higgins Clark ; trad. de l'américain par Anne Damour ; présentation, notes, questions et après-texte établis par Michèle Sendre-Haïdar, 2000

