=LDR  01999cx  b2200409   4500
=001  FRBNF12209507X
=003  http://catalogue.bnf.fr/ark:/12148/cb12209507r
=005  20100125
=010  //$a0000000122653959$2ISNI$d20150313
=039  //$oOPL$a012798150
=039  //$oOPL$a003433672$zAMA
=039  //$oOPL$a007353597$zACO
=039  //$oOPP$a14947895$d20090911
=100  //$a19910712afrey50      ba0
=101  //$afre
=102  //$aFR
=103  //$a 1895
=105  //$aa$ca$cd$cp$ci$cs$dg$ce$dh$di
=106  //$a010
=150  //$ay$bc9
=210  //$7ba0yba0y$8fre   $920 $aGaumont
=300  //$aEntreprise fondée par Léon Gaumont sous le nom de «Comptoir général de la photographie» en 1895. - Prend le nom de "Gaumont franco film Aubert" en 1930. - Devient "Société nouvelle des établissements Gaumont" en 1938 ;  elle a pris sa dénomination actuelle en 1975. - Actuellement société de production, réalisation, distribution et exploitation cinématographiques
=303  //$a30 av.Charles-de-Gaulle : 92200 Neuilly-sur-Seine
=410  //$7ba0yba0y$8fre   $aGFFA
=410  //$7ba0yba0y$8fre   $aSNEG
=410  //$7ba0yba0y$8fre   $aComptoir général de la photographie
=410  //$7ba0yba0y$8fre   $aGaumont production
=410  //$7ba0yba0y$8fre   $aGaumont vidéo
=410  //$7ba0yba0y$8fre   $aGaumont international
=410  //$7ba0yba0y$8fre   $aGaumont Franco film Aubert
=410  //$7ba0yba0y$8fre   $aSociété nouvelle des établissements Gaumont
=510  //$5z$0Voir aussi$317843821$7ba0yba0y$8fre   $920 $aCinémas Pathé Gaumont
=550  //$5g$316740587$7ba0yba0y$8fre   $aSociétés de production de cinéma$yFrance
=686  //$a791$cAudiovisuel$2Note de regroupement par domaine
=801  //$aFR$bFR-751131015$c20100125
=810  //$aAnnuaire Desfossés$aGaumont : 90 ans de cinéma, 1986 [4 ̊ Lo4. 294$a[Recueil. Photographies positives. Oeuvre de L. Gaumont & Cie] [Image fixe], [1899]
=856  //$uhttp://www.gaumont.fr$e2006-03-16

