=LDR  01149cx  a2200289   4500
=001  FRBNF122613366
=003  http://catalogue.bnf.fr/ark:/12148/cb122613363
=005  20090203
=010  //$a000000008170961X$2VIAF$d20130725
=039  //$oOPL$a008330224
=039  //$oOPP$a14032109$d20061220
=100  //$a19920902afrey50      ba0
=101  //$aeng
=102  //$aUS
=103  //$a 1960
=105  //$aa
=106  //$a1
=120  //$ab
=152  //$c2
=200  //$7ba0yba0y$8fre   $9 0 $aHart$bJames V.$f1960-....
=300  0/$aScénariste et producteur de films
=400  //$7ba0yba0y$8fre   $aHart$bJim V.$f1960-....
=400  //$7ba0yba0y$8fre   $aHart$bJim$f1960-....
=801  //$aFR$bFR-751131015$c20090203
=810  //$aDracula / Fred Saberhagen et James V. Hart, 1992$aHook ou la revanche du Capitaine Crochet [Images animées] / Steven Spielberg, réal. ; [...] Jim V. Hart, scénario, adapt., [1993]
=810  //$aLC authorities - http://authorities.loc.gov (2006-12-05)$aIMDB - http://www.imdb.com/name/nm0366337 (2008-10-21)
=856  //$uhttp://authorities.loc.gov/$e2006-12-05$uhttp://www.imdb.com/name/nm0366337/$e2008-10-21

