=LDR  00586cx  a2200217   4500
=001  FRBNF122704428
=003  http://catalogue.bnf.fr/ark:/12148/cb122704428
=005  20090430
=010  //$a0000000073618419$2VIAF$d20130725
=039  //$oOPL$a008445746
=100  //$a19921110afrey50      ba0
=102  //$aGB
=103  //$a 19..
=105  //$aa
=106  //$a1
=120  //$ab
=152  //$c2
=200  //$7ba0yba0y$8fre   $9 0 $aHumphries$bTudor
=300  0/$aIllustrateur
=801  //$aFR$bFR-751131015$c20090430
=810  //$aL'éléphant / Judy Allen ; ill. de Tudor Humphries, 1993

