=LDR  00884cx  a2200217   4500
=001  FRBNF123453434
=003  http://catalogue.bnf.fr/ark:/12148/cb123453433
=005  20170220
=010  //$a0000000122818514$2VIAF$d20130726
=039  //$oOPL$a009387413
=100  //$a19931104afrey50      ba0
=101  //$afre
=102  //$aFR
=103  //$a 19470531
=105  //$aa
=106  //$a1
=120  //$ab
=200  //$7ba0yba0y$8fre   $9 0 $aMénégaldo$bGilles$f1947-....
=300  0/$aProfesseur de littérature et cinéma à l'Université de Poitiers (en 2003). - Président de la SERCIA, Société d'études et de recherches sur le cinéma anglo-saxon (en 2003)
=801  //$aFR$bFR-751131015$c20170220
=810  //$aDracula / dir. par Jean Marigny, 1997$a"A streetcar named desire", Tennesse Williams, 1947, Elia Kazan, 1951... / dir. par Gilles Menegaldo et Anne-Marie Paquet-Deyris, 2003

