=LDR  02448cx  a2200517   4500
=001  FRBNF123733354
=003  http://catalogue.bnf.fr/ark:/12148/cb12373335m
=005  20070111
=010  //$a000000011480194X$2VIAF$d20130726
=039  //$oOPL$a001987484$zAMA
=039  //$oOPL$a009929522$zAPP
=039  //$oOPP$a14856838$d20060918
=039  //$oOPP$a14883659$d20070111
=100  //$a19940301afrey50      ba0
=101  //$aeng
=102  //$aUS
=103  //$a 19390407
=105  //$aa$ap
=106  //$a010
=120  //$ab
=152  //$c2
=200  //$7ba0yba0y$8fre   $9 0 $aCoppola$bFrancis Ford$f1939-....
=300  //$aRéalisateur, scénariste et producteur de cinéma
=530  //$5z$0Réalisateur de : $317903461$aThe rainmaker (film ; 1997)
=530  //$5z$0Réalisateur de : $317898672$aFinian's rainbow (film)
=530  //$5z$0Réalisateur de : $317875623$aApocalypse now redux (film)
=530  //$5z$0Réalisateur de : $317798953$aThe Godfather part III, the continuing story (film)
=530  //$5z$0Réalisateur de : $317798950$aThe Godfather part II (film)
=530  //$5z$0Réalisateur de : $317798946$aThe Godfather I (film)
=530  //$5z$0Réalisateur de : $317116022$aDementia 13 (film)
=530  //$5z$0Réalisateur de : $317116006$aThe conversation (film ; 1974)
=530  //$5z$0Réalisateur de : $314293803$aPeggy Sue got married (film)
=530  //$5z$0Réalisateur de : $314293734$aOne from the heart (film)
=530  //$5z$0Réalisateur de : $317032450$aTetro (film)
=530  //$5z$0Réalisateur de : $314294800$aTucker, the man and his dream (film)
=530  //$5z$0Réalisateur de : $314294062$aRumble fish (film)
=530  //$5z$316462427$aThe outsiders (film)
=530  //$5z$0Réalisateur de : $316460393$aThe rain people (film)
=530  //$5z$0Réalisateur de : $316460220$aYou're a big boy now (film)
=530  //$5z$0Réalisateur de : $316457869$aThe Cotton club (film)
=530  //$5z$0Réalisateur de : $313751570$aThe Godfather (film)
=530  //$5z$0Réalisateur de : $312430460$aBram Stoker's Dracula (film)
=530  //$5z$0Réalisateur de : $312435995$aApocalypse now (film)
=801  //$aFR$bFR-751131015$c20070111
=810  //$aConversation secrète = The conversation [Images animées] / Francis Ford Coppola, réal., scénario, 1986
=810  //$aLCNA (CD), 1996-06$aGDEL$aInt. WW 2001$aLes gens du cinéma = the people of the movie world / André Siscot, 1998

