=LDR  01845cx  l2200337   4500
=001  FRBNF125187886
=003  http://catalogue.bnf.fr/ark:/12148/cb12518788m
=005  20150304
=039  //$oOPL$a012616085
=100  //$a19960626afrey50      ba0
=106  //$a211
=152  //$brameau$c2
=180  //$ab
=280  /0$7ba0yba0y$8fre   $aComédies (cinéma)
=330  //$aSous cette vedette, on trouve les films de comédie eux-mêmes. Les documents sur ces films se trouvent sous la vedette Comédies (cinéma) suivie de Histoire et critique ou toute autre subdivision de sujet ou de forme appropriée. [Note d'application à mettre à jour]
=480  /0$7ba0yba0y$8fre   $aComédies américaines (cinéma)
=480  /0$7ba0yba0y$8fre   $aComédies romantiques (cinéma)
=480  /0$7ba0yba0y$8fre   $9  2$aComédies romantiques (films)
=480  /0$7ba0yba0y$8fre   $aComédies sentimentales (cinéma)
=480  /0$7ba0yba0y$8fre   $aFilms de comédie
=580  /0$5z$0Voir aussi$311961594$7ba0yba0y$8fre   $aFilms musicaux
=580  /0$5h$314449639$7ba0yba0y$8fre   $aComédies dramatiques (cinéma)
=580  /0$5h$312465375$7ba0yba0y$8fre   $aComédies loufoques (cinéma)
=580  /0$5h$311941480$7ba0yba0y$8fre   $aFilms comiques
=580  /0$5g$316242273$7ba0yba0y$8fre   $aFilms de fiction
=686  //$a791$cAudiovisuel$2Note de regroupement par domaine
=801  //$aFR$bFR-751131015$c20150304
=810  //$aEncycl. Larousse (art. : Comédie) - http://www.larousse.fr (2015-02-24)
=810  //$aComédies françaises : portrait de la France qui rit, de "La grande vadrouille" aux "Ch'tis" / S. Grassin, R. Sender, 2011$aDict. du cinéma / J.-L. Passek, 1991 (art. : Comédie américaine)
=822  1/$aComedy films$2LCSH$uhttp://id.loc.gov/authorities/subjects/sh85028846$d2017-02-09
=856  //$uhttp://www.larousse.fr$e2015-02-24

