=LDR  00818cx  a2200205   4500
=001  FRBNF128234597
=003  http://catalogue.bnf.fr/ark:/12148/cb12823459q
=005  20050303
=010  //$a0000000042132029$2VIAF$d20130730
=039  //$oOPL$a006382578
=100  //$a19910222afrey50      ba0
=101  //$afre
=102  //$aFR
=103  //$a 19..
=105  //$aa
=106  //$a1
=120  //$aa
=200  //$7ba0yba0y$8fre   $9 0 $aLanone$bCatherine
=801  //$aFR$bFR-751131015$c20050303
=810  //$aAnglophonia : les vestiges du gothique : le rôle du reste : [Anglophonia 15 / 2004], French journal of English studies] / numéro coord. par Catherine Lanone, Aurélie Guillain et Philippe Birgy ; publ. avec le concours du centre de recherches "Cultures Anglo-Saxonnes" de l'Université de Toulouse-Le Mirail, 2004

