=LDR  01870cx  a2200433   4500
=001  FRBNF135762495
=003  http://catalogue.bnf.fr/ark:/12148/cb135762497
=005  20140909
=010  //$a0000000355696677$2VIAF$d20130731
=039  //$oOPL$a015219473$zAMA
=039  //$oOPP$a14704674$d20110224
=039  //$oOPP$a14866910$d20110224
=039  //$oOPP$a16443922$d20140909
=100  //$a20001207afrey50      ba0
=101  //$ager
=102  //$aXX
=103  //$a 18801116  19380717
=105  //$aa
=106  //$a010
=120  //$ab
=152  //$c2
=200  //$7ba0yba0y$8fre   $9 0 $aWiene$bRobert$f1881-1938
=300  //$aActeur et réalisateur de cinéma
=530  //$5z$0Réalisateur de : $317072987$aOrlacs Hände (film ; 1924)
=530  //$5z$0Réalisateur de : $316474668$aDie Berühmte frau (film)
=530  //$5z$0Réalisateur de : $316474636$aDie Grosse abenteuerin (film)
=530  //$5z$0Réalisateur de : $316462778$aGenuine (film)
=530  //$5z$0Réalisateur de : $316461957$aDie Frau auf der Folter (film)
=530  //$5z$0Réalisateur de : $316461189$aPanik in Chikago (film)
=530  //$5z$0Réalisateur de : $316460609$aI.N.R.I.  (film)
=530  //$5z$0Réalisateur de : $316459925$aRaskolnikov (film)
=530  //$5z$0Réalisateur de : $316459815$aDer Rosenkavalier (film)
=530  //$5z$0Réalisateur de : $314665622$aNuits de Venise (film)
=530  //$5z$0Réalisateur de : $314665621$aUltimatum (film)
=530  //$5z$0Réalisateur de : $313497479$aDas Cabinet des Dr. Caligari (film)
=686  //$a791$cAudiovisuel$2Note de regroupement par domaine
=801  //$aFR$bFR-751131015$c20140909
=810  //$aDas Kabinett des Doktor Caligari = Le cabinet du docteur Caligari [Images animées] / Robert Wiene, réal., 1994
=810  //$aBrockhaus 19. Aufl.$aDict. du cinéma / sous la dir. de Jean-Loup Passek, 1998 [né en 1881]

