=LDR  01053cx  a2200241   4500
=001  FRBNF135776299
=003  http://catalogue.bnf.fr/ark:/12148/cb13577629z
=005  20131203
=010  //$a0000000121195730$2ISNI$d20150313
=039  //$oOPL$a015244284
=100  //$a20001220afrey50      ba0
=101  //$afre$teng
=102  //$aFR
=103  //$a 19731006
=105  //$aa
=106  //$a1
=120  //$aa
=200  //$7ba0yba0y$8fre   $9 0 $aValls de Gomis$bEstelle$f1973-....
=300  0/$aTraductrice. - Auteur de romans de science-fiction. - Illustratrice
=400  //$7ba0yba0y$8fre   $aGomis$bEstelle Valls de$f1973-....
=801  //$aFR$bFR-751131015$c20131203
=810  //$aLe baiser de l'homme mort / Robert Weinberg ; trad. de l'américain par Estelle Valls de Gomis, 2000$aFantastique, fantasy, science-fiction / dirigé par Léa Silhol et Estelle Valls de Gomis, DL 2005$aFantaisies japonisantes / illustrations, Estelle Valls de Gomis, impr. 2008
=856  //$uhttp://media.wix.com/ugd//83e042_7a39238c8945a352bfccedbbbb39b1e9.pdf$e2013-11-25

