=LDR  01257cx  a2200265   4500
=001  FRBNF136162418
=003  http://catalogue.bnf.fr/ark:/12148/cb13616241d
=005  20220627
=010  //$a0000000110591869$2VIAF$d20130731
=039  //$oOPL$a01546769X
=039  //$oOPP$a14604542$d20180309
=100  //$a20010511afrey50      ba0
=101  //$aeng
=102  //$aGB
=103  //$a 19640825
=105  //$aa
=106  //$a1
=120  //$ab
=152  //$c2
=200  //$7ba0yba0y$8fre   $9 0 $aHughes$bWilliam$f1964-....
=300  0/$aSpécialiste du roman gothique. - Professeur de littérature, Bath Spa university, GB (en 2015). - Docteur en littérature (University of East Anglia, Norwich, GB, 1993)
=801  //$aFR$bFR-751131015$c20220627
=810  //$aContemporary writing and national identity / ed. by Tracey Hill and William Hughes, 1995$aThat devil's trick : hypnotism and the Victorian popular imagination / William Hughes, 2015
=810  //$aBibliogr. G.B. (CD), 2001-03$aLC Authorities - https://lccn.loc.gov/n97086815 (2022-06-27)$aBath Spa university - https://www.bathspa.ac.uk/our-people/william-hughes (2018-03-09)
=856  //$uhttps://lccn.loc.gov/n97086815$e2022-06-27$uhttps://www.bathspa.ac.uk/our-people/william-hughes/$e2018-03-09

