=LDR  00872cx  a2200277   4500
=001  FRBNF137702881
=003  http://catalogue.bnf.fr/ark:/12148/cb137702881
=005  20070118
=010  //$a0000000063083959$2VIAF$d20130731
=039  //$oOPL$a015851658
=039  //$oOPP$a14048127$d20070118
=039  //$oOPP$a14680296$d20070118
=039  //$oOPP$a14858669$d20070118
=100  //$a19990602afrey50      ba0
=101  //$ager
=102  //$aDE
=103  //$a 1882      1949
=105  //$aa
=106  //$a1
=120  //$ab
=152  //$c2
=200  //$7ba0yba0y$8fre   $9 0 $aGaleen$bHenrik$f1882-1949
=300  0/$aActeur, scénariste et réalisateur
=530  //$5z$0Réalisateur de : $314662016$aDer Student von Prag (film ; 1926)
=801  //$aFR$bFR-751131015$c20070118
=810  //$aDas Wachsfigurenkabinett / Drehbuch von Henrik Galeen zu Paul Lenis Film von 1923, 1994

