=LDR  01319cx  b2200373   4500
=001  FRBNF138797188
=003  http://catalogue.bnf.fr/ark:/12148/cb13879718k
=005  20120615
=010  //$a0000000106599104$2ISNI$d20131217
=039  //$oOPL$a008670974
=039  //$oOPP$a12288913$d20120615
=039  //$oOPP$a14659574$d20120615
=039  //$oOPP$a14278415$d20120615
=039  //$oOPP$a14278416$d20120615
=039  //$oOPP$a13879721$d20120615
=100  //$a19890601afrey50      ba0
=101  //$aeng
=102  //$aUS
=103  //$a 1919
=105  //$aa$cd$cs$ca$dg$cp$dh$dr
=106  //$a010
=150  //$ay$bc9
=152  //$c2
=210  //$7ba0yba0y$8fre   $920 $aColumbia pictures
=300  //$aSociété de production, fondée en 1919 parJack Cohn, Harry Cohn, Joe Brandt
=303  //$a711 Fifth avenue, New York NY 10022
=410  //$7ba0yba0y$8fre   $aColumbia
=410  //$7ba0yba0y$8fre   $aColumbia pictures industries
=410  //$7ba0yba0y$8fre   $aColumbia pictures corporation
=550  //$5g$312549619$7ba0yba0y$8fre   $aSociétés de production de cinéma$yÉtats-Unis
=686  //$a791$cAudiovisuel$2Note de regroupement par domaine
=801  //$aFR$bFR-751131015$c20120615
=810  //$aPassek
=810  //$aAli [Images animées] / Michael Mann, réal. Studio Canal+, cop. 2001

