=LDR  00643cx  b2200217   4500
=001  FRBNF138825673
=003  http://catalogue.bnf.fr/ark:/12148/cb13882567r
=005  20040129
=010  //$a0000000115439727$2ISNI$d20150313
=100  //$a19890601afrey50      ba0
=102  //$aUS
=105  //$cs$dg
=106  //$a1
=150  //$ay$bc9
=152  //$c2
=210  //$7ba0yba0y$8fre   $920 $aNonesuch
=300  0/$aProducteur phonographique
=303  //$a665 Fifth Avenue, New-York, Ny 10276-0122
=410  //$7ba0yba0y$8fre   $aNonesuch records
=801  //$aFR$bFR-751131015$c20040129
=810  //$a70's [Enregistrement sonore] : les années pop. CBS 4651802

