=LDR  01530cx  a2200397   4500
=001  FRBNF138918800
=003  http://catalogue.bnf.fr/ark:/12148/cb13891880r
=005  20190927
=010  //$a0000000109208877$2ISNI$d20131217
=039  //$oOPL$a001725592
=039  //$oOPP$a14653412$d20060529
=039  //$oOPP$a14823650$d20060529
=039  //$oOPP$a11947157$d20060529
=039  //$oOPP$a14855885$d20060529
=100  //$a19890601afrey50      ba0
=102  //$aUS
=103  //$a 19260628
=105  //$aa$ai$ap
=106  //$a010
=120  //$ab
=152  //$c2
=200  //$7ba0yba0y$8fre   $9 0 $aBrooks$bMel$f1926-....
=300  //$aCinéaste, acteur et chanteur
=301  //$aBrooklyn, N.Y.
=530  //$5z$313167516$aGet smart (série télévisée)
=530  //$5z$0Réalisateur de : $317730563$aBlazing saddles (film)
=530  //$5z$0Réalisateur de : $317730553$aLife stinks (film)
=530  //$5z$0Réalisateur de : $314292700$aSpaceballs (film)
=530  //$5z$0Réalisateur de : $314294025$aRobin Hood, men in tights (film)
=530  //$5z$0Réalisateur de : $316472835$aThe twelve chairs (film)
=530  //$5z$0Réalisateur de : $316462441$aMel Brooks' history of the world, part one (film)
=530  //$5z$0Réalisateur de : $316460353$aYoung Frankenstein (film)
=530  //$5z$0Réalisateur de : $316459991$aSilent movie (film)
=530  //$5z$0Réalisateur de : $316458878$aHigh anxiety (film)
=801  //$aFR$bFR-751131015$c20190927
=810  //$aInternet, http://www.allmusic.com, 1999-11-17

