=LDR  01192cx  a2200265   4500
=001  FRBNF138979696
=003  http://catalogue.bnf.fr/ark:/12148/cb13897969z
=005  20101129
=010  //$a0000000114562467$2VIAF$d20130731
=039  //$oOPP$a14693246$d20060829
=100  //$a19890601afrey50      ba0
=101  //$aeng
=102  //$aCA
=103  //$a 19260211  20101129
=105  //$ai
=106  //$a010
=120  //$ab
=152  //$c2
=200  //$7ba0yba0y$8fre   $9 0 $aNielsen$bLeslie$f1926-2010
=300  //$aActeur
=301  //$aRegina (Canada)$bFort Luaderdale (Canada)
=801  //$aFR$bFR-751131015$c20101129
=810  //$aLe casse-cou [Images animées] / Gordon Douglas, réal. ; [...] Evel Knievel, Gene Kelly, [...] Leslie Nielsen... [et al.], act. . Warner home vidéo France, 1977
=810  //$aFilm index international (CD), 1993-1997$aIMDB - http://www.imdb.com/news/ni5824724 (2010-11-29)$aMonde - http://www.lemonde.fr/carnet/article/2010/11/29/l-acteur-leslie-nielsen-est-mort_1446116_3382.html (2010-11-29)
=856  //$uhttp://www.imdb.com/news/ni5824724/$e2010-11-29$uhttp://www.lemonde.fr/carnet/article/2010/11/29/l-acteur-leslie-nielsen-est-mort_1446116_3382.html$e2010-11-29

