=LDR  01219cx  b2200289   4500
=001  FRBNF139044909
=003  http://catalogue.bnf.fr/ark:/12148/cb139044900
=005  20170322
=010  //$a0000000120335359$2VIAF$d20130731
=100  //$a19890601afrey50      ba0
=101  //$aeng
=102  //$aUS
=103  //$a 1985    ?
=105  //$aa$ai
=106  //$a010
=150  //$ay$bv8
=152  //$c2
=210  //$7ba0yba0y$8fre   $920 $aThe Kronos quartet
=300  //$aQuatuor à cordes fondé par David Harrington (en 1973?)
=303  //$aNew York
=307  //$aHarrington, David, violon$aSherba, John, violon$aDutt, Hank, alto$aJeanrenaud, Joan, violoncelle (1973-1999)$aCulp, Jennifer, violoncelle (1999-2005)$aZeigler, Jeffrey, violoncelle (2005-....)
=410  //$7ba0yba0y$8fre   $aQuatuor Kronos
=500  //$5z$0A pour membre : $314190326$7ba0yba0y$8fre   $9 0 $aJeanrenaud$bJoan$f1956-....
=500  //$5z$0A pour membre : $316137168$7ba0yba0y$8fre   $9 0 $aZeigler$bJeffrey
=801  //$aFR$bFR-751131015$c20170322
=810  //$aCaravan [Enregistrement sonore] / Alexandra Vrebalov, Carlos Paredes, Rahel Burman... [et al.], comp. Nonesuch 7559794902
=810  //$aLibération [formé en 1973], 2005-09-02

