=LDR  01276cx  a2200289   4500
=001  FRBNF139387797
=003  http://catalogue.bnf.fr/ark:/12148/cb13938779w
=005  20140106
=010  //$a0000000118214320$2VIAF$d20130731
=039  //$oOPL$a013969017
=039  //$oOPP$a14991263$d20070816
=100  //$a19910606afrey50      ba0
=102  //$aPL
=103  //$a 19320717  20131229
=105  //$aa$ap$dh
=106  //$a010
=120  //$ab
=152  //$c2
=200  //$7ba0yba0y$8fre   $9 0 $aKilar$bWojciech$f1932-2013
=300  //$aCompositeur. - Professeur à l'École supérieure de musique de Katowice (1960-....)
=301  //$aLvov (Ukraine)$bKatowice (Pologne)
=686  //$a780$cMusique$2Note de regroupement par domaine
=801  //$aFR$bFR-751131015$c20140106
=810  //$aCieszę się darem życia : rozmowy z Wojciechem Kilarem / przeprowadzili Klaudia Podobińska i Leszek Polony, 1997
=810  //$aWikipédia - http://fr.wikipedia.org/wiki/Wojciech_Kilar (2014-01-02)$aDict. biogr. des musiciens / Baker, Slonimsky, 1995$aGazeta wyborcza - wydanie internetowe - http://wspomnienia.wyborcza.pl (2014-01-06)
=810  //$aBnF Service polonais, 2014-01-06
=856  //$uhttp://fr.wikipedia.org/wiki/Wojciech_Kilar$e2014-01-02$uhttp://wspomnienia.wyborcza.pl/$e2014-01-06

