=LDR  01124cx  a2200265   4500
=001  FRBNF139544832
=003  http://catalogue.bnf.fr/ark:/12148/cb13954483r
=005  20151015
=010  //$a0000000121181187$2VIAF$d20130731
=039  //$oOPL$a010040648$zAMA
=100  //$a19930402afrey50      ba0
=102  //$aZZ$aGB$aUS
=103  //$a 19371231
=105  //$ai$ap$aa
=106  //$a010
=120  //$ab
=152  //$c2
=200  //$7ba0yba0y$8fre   $9 0 $aHopkins$bAnthony$f1937-....
=300  //$aActeur de théâtre, de cinéma et de télévision. - Réalisateur de films. - Compositeur
=301  //$aPort-Talbot (GB)
=330  //$aNe pas confondre avec Hopkins, Anthony (1937-1997), neurologue
=686  //$a791$cAudiovisuel$2Note de regroupement par domaine
=801  //$aFR$bFR-751131015$c20151015
=810  //$aThe mask of Zorro [Images animées] / Martin Campbell, réal. ; Antonio Banderas, Anthony Hopkins, Catherine Zeta-Jones [et al.], act., 2000
=810  //$aLibération, 2002-10-28$aInt. WW 2001$aDict. du cinéma / sous la dir. de Jean-Loup Passek, 1995$aBNF-ASP. Anthony Hopkins : dossier biographique, 1976

