=LDR  01128cx  a2200241   4500
=001  FRBNF139544896
=003  http://catalogue.bnf.fr/ark:/12148/cb13954489t
=005  20210824
=010  //$a0000000120969036$2VIAF$d20130731
=100  //$a19930402afrey50      ba0
=102  //$aGB
=103  //$a 19580321
=105  //$aa$ai
=106  //$a010
=120  //$ab
=152  //$c2
=200  //$7ba0yba0y$8fre   $9 0 $aOldman$bGary$f1958-....
=300  //$aActeur, réalisateur, scénariste et producteur
=530  //$5z$0Réalisateur de : $317869656$aNil by mouth (film)
=801  //$aFR$bFR-751131015$c20210824
=810  //$aAir force one [Images animées] / Wolfgang Petersen, réal.  ; Andrew W. Marlowe, scénario ; Jerry Goldsmith, comp.  ; Harrison Ford, Gary Oldman, Wendy Crewson...  [et al.], act.. - Burbank, Calif.  : Buena vista home entertainment [éd.] ; Burbank, Calif.  : Buena vista home entertainment [distrib.], 1998 (DL).
=810  //$aPremière, n °192, Mars 1993$aIMDb - https://www.imdb.com/name/nm0000198/?ref_=fn_al_nm_1 (2018-08-02)
=856  //$uhttps://www.imdb.com/name/nm0000198/?ref_=fn_al_nm_1$e2018-08-02

