=LDR  00746cx  a2200229   4500
=001  FRBNF139617337
=003  http://catalogue.bnf.fr/ark:/12148/cb13961733h
=005  20070604
=010  //$a0000000117433062$2VIAF$d20130731
=100  //$a19940215afrey50      ba0
=102  //$aCA
=103  //$a 19..
=105  //$aa$ai
=106  //$a1
=120  //$ab
=152  //$c2
=200  //$7ba0yba0y$8fre   $9 0 $aMann$bHummie
=300  0/$aCompositeur et chef d'orchestre
=801  //$aFR$bFR-751131015$c20070604
=810  //$aAu bénéfice du doute [Images animées] / Jonathan Heap, réal. ; [...] Hummie Mann, comp., [1994]
=810  //$aInternet movie database - http://www.us.imdb.com (1999-0-6-24)
=856  //$uhttp://www.us.imdb.com$e1999-0-6-24

