=LDR  00978cx  a2200229   4500
=001  FRBNF139993250
=003  http://catalogue.bnf.fr/ark:/12148/cb13999325b
=005  20210923
=010  //$a0000000114505139$2VIAF$d20131024
=100  //$a19970225afrey50      ba0
=102  //$aUS
=103  //$a 19711029
=105  //$ai$ap
=106  //$a010
=120  //$aa
=152  //$c2
=200  //$7ba0yba0y$8fre   $9 0 $aRyder$bWinona$f1971-....
=300  //$aActrice de cinéma. - Productrice
=801  //$aFR$bFR-751131015$c20210923
=810  //$aLe patchwork de la vie [Images animées] / Jocelyn Moorhouse, réal.  ; Jane Anderson, scénario ; Thomas Newman, comp.  ; Whitney Otto, aut. adapté ; Maya Angelou, Winona Ryder, Jean Simmons... [et al.], act. . - Vélizy : CIC vidéo [éd.] ; Vélizy Villacoublay : CIC vidéo [distrib.], 1997 (DL).
=810  //$aFilm Index International (cd), 1997-02-25$aIMDb - http://www.imdb.com (2015-09-29)
=856  //$uhttp://www.imdb.com$e2015-09-29

