=LDR  00736cx  a2200241   4500
=001  FRBNF140174771
=003  http://catalogue.bnf.fr/ark:/12148/cb140174779
=005  19991217
=010  //$a000000011470316X$2VIAF$d20130801
=100  //$a19981229afrey50      ba0
=102  //$aUS
=103  //$a 19540410
=105  //$aa$ai
=106  //$a1
=120  //$ab
=152  //$c2
=200  //$7ba0yba0y$8fre   $9 0 $aMacNicol$bPeter$f1954-....
=300  0/$aActeur
=400  //$7ba0yba0y$8fre   $aMac Nicol$bPeter
=400  //$7ba0yba0y$8fre   $aMc Nicol$bPeter
=400  //$7ba0yba0y$8fre   $aMcNicol$bPeter
=801  //$aFR$bFR-751131015$c19991217
=810  //$aBean / Mel Smith. Polygram vidéo, 1997$aInternet, http://us.imdb.com, 1999-12-17

