=LDR  00859cx  a2200217   4500
=001  FRBNF140179836
=003  http://catalogue.bnf.fr/ark:/12148/cb14017983m
=005  20150602
=010  //$a0000000121250170$2ISNI$d20131217
=100  //$a19990112afrey50      ba0
=102  //$aUS
=103  //$a 1900      19981223
=105  //$ai
=106  //$a1
=120  //$ab
=152  //$c2
=200  //$7ba0yba0y$8fre   $9 0 $aManners$bDavid$f1900-1998
=300  0/$aActeur de cinéma d'origine canadienne
=801  //$aFR$bFR-751131015$c20150602
=810  //$aDracula [Images animées] / Tod Browning, réal. ; Bram Stocker, aut. adapté ; Hamilton Deane, John L. Balderston, aut. adaptés, adapt. ; Bela Lugosi, Helen Chandler, David Manners.. . [et al.], act.. - Antony : Polygram vidéo [éd.] ; Antony : Polygram vidéo [distrib.], 1999 (DL).
=810  //$aLibération, 1998-12-06

