=LDR  00834cx  a2200229   4500
=001  FRBNF140217393
=003  http://catalogue.bnf.fr/ark:/12148/cb14021739b
=005  20070330
=010  //$a0000000116271751$2VIAF$d20130801
=100  //$a19990426afrey50      ba0
=102  //$aUS
=103  //$a 19610304
=105  //$aa$ai
=106  //$a1
=120  //$ab
=152  //$c2
=200  //$7ba0yba0y$8fre   $9 0 $aWeber$bSteven$f1961-....
=300  0/$aActeur, producteur, scénariste et réalisateur
=801  //$aFR$bFR-751131015$c20070330
=810  //$aJeffrey [Images animées] / Christopher Ashley, réal. ; [...] Steven Weber, Patrick Stewart, Michael T. Weiss... [et al.], act. Free dolphin entertainment, 1994
=810  //$aInternet movie database - http://www.us.imdb.com (2007-01-04)
=856  //$uhttp://www.us.imdb.com$e2007-01-04

