=LDR  01043cx  a2200241   4500
=001  FRBNF14048907X
=003  http://catalogue.bnf.fr/ark:/12148/cb14048907c
=005  20170511
=010  //$a000000000277289X$2ISNI$d20131217
=100  //$a20020208afrey50      ba0
=102  //$aXX
=103  //$a 19..
=105  //$aa
=106  //$a1
=120  //$ab
=152  //$c2
=200  //$7ba0yba0y$8fre   $9 0 $aDe Luca$bRudy$f19..-....$ccinéaste
=300  0/$aActeur de cinéma et de télévision, scénariste, réalisateur
=400  //$7ba0yba0y$8fre   $aDeluca$bRudy$f19..-....$ccinéaste
=801  //$aFR$bFR-751131015$c20170511
=810  //$aChienne de vie [Images animées] / Mel Brooks, aut., scénario, réal. ; Ron Clark, aut. ; John Morris, comp. ; Rudy De Luca, Steve Haberman, scénario, aut. ; Mel Brooks, Lesley Ann Warren, Jeffrey Tambor, Stuart Pankin, act.. - Paris : CBS Fox video [éd.] ; Paris : Fox vidéo [distrib.], 1992 (DL).
=810  //$aIMDb - http://www.imdb.com (2017-05-11)
=856  //$uhttp://www.imdb.com$e2017-05-11

