=LDR  00533cx  a2200205   4500
=001  FRBNF140489094
=003  http://catalogue.bnf.fr/ark:/12148/cb140489092
=005  20020208
=010  //$a0000000003215278$2ISNI$d20150312
=100  //$a20020208afrey50      ba0
=102  //$aXX
=103  //$a 19..
=105  //$aa
=106  //$a1
=120  //$ab
=152  //$c2
=200  //$7ba0yba0y$8fre   $9 0 $aHaberman$bSteve
=300  0/$aScénariste
=801  //$aFR$bFR-751131015$c20020208
=810  //$aIMDB (http://us.imdb.com), 2002-02-08

