=LDR  00997cx  a2200241   4500
=001  FRBNF140984049
=003  http://catalogue.bnf.fr/ark:/12148/cb140984040
=005  20220414
=010  //$a0000000063101360$2VIAF$d20130801
=100  //$a20030310afrey50      ba0
=101  //$aeng
=102  //$aUS
=103  //$a 19000605  19451026
=105  //$aa
=106  //$a1
=120  //$ab
=152  //$c1
=200  //$7ba0yba0y$8fre   $9 0 $aFort$bGarrett$f1900-1945
=300  0/$aScénariste et adaptateur
=801  //$aFR$bFR-751131015$c20220414
=810  //$aLe signe de Zorro [Images animées] / Rouben Mamoulian, réal... Garrett Fort, adapt. Fox Pathé Europa, [2003]
=810  //$aIMDb - https://www.imdb.com/name/nm0287124/?ref_=nv_sr_srsg_0 (2016-08-25) (2022-04-14)$aLC authorities - https://id.loc.gov/authorities/names/n85018190.html (2022-04-14)
=856  //$uhttps://www.imdb.com/name/nm0287124/?ref_=nv_sr_srsg_0$e2016-08-25$e2022-04-14$uhttps://id.loc.gov/authorities/names/n85018190.html$e2022-04-14

