=LDR  00891cx  a2200229   4500
=001  FRBNF141633163
=003  http://catalogue.bnf.fr/ark:/12148/cb141633162
=005  20150602
=010  //$a0000000024800695$2VIAF$d20130801
=100  //$a20030310afrey50      ba0
=102  //$aUS
=103  //$a 19060201  19650430
=105  //$ai
=106  //$a1
=120  //$aa
=152  //$c2
=200  //$7ba0yba0y$8fre   $9 0 $aChandler$bHelen$f1906-1965
=300  0/$aActrice
=801  //$aFR$bFR-751131015$c20150602
=810  //$aDracula [Images animées] / Tod Browning, réal. ; Bram Stocker, aut. adapté ; Hamilton Deane, John L. Balderston, aut. adaptés, adapt. ; Bela Lugosi, Helen Chandler, David Manners.. . [et al.], act.. - Antony : Polygram vidéo [éd.] ; Antony : Polygram vidéo [distrib.], 1999 (DL).
=810  //$aIMDB - http://us.imdb.com (2006-10-13)
=856  //$uhttp://us.imdb.com$e2006-10-13

