=LDR  00855cx  a2200253   4500
=001  FRBNF142253840
=003  http://catalogue.bnf.fr/ark:/12148/cb14225384c
=005  20070112
=010  //$a0000000063096717$2VIAF$d20130801
=100  //$a20030310afrey50      ba0
=102  //$aDE
=103  //$a 1891      1967
=105  //$ai
=106  //$a1
=120  //$aa
=152  //$c2
=200  //$7ba0yba0y$8fre   $9 0 $aSchröder$bGreta$f1891-1967
=300  0/$aActrice
=301  //$aDusseldorf (Allemagne)$bVienne (Autriche)
=400  //$7ba0yba0y$8fre   $aSchroeder$bGreta$f1891-1967
=801  //$aFR$bFR-751131015$c20070112
=810  //$aNosferatu [Images animées] / F.W. Murnau, réal. ; Greta Schröder, act. "Le Monde", 2006
=810  //$aIMDB - http://www.us.imdb.com/name/nm0775659 (2006-12-14)
=856  //$uhttp://www.us.imdb.com/name/nm0775659/$e2006-12-14

