=LDR  01147cx  a2200277   4500
=001  FRBNF142378071
=003  http://catalogue.bnf.fr/ark:/12148/cb142378070
=005  20200821
=010  //$a0000000109028614$2VIAF$d20130801
=039  //$oOPP$a10580054$d20200821
=100  //$a20030310afrey50      ba0
=101  //$ager
=102  //$aXX
=103  //$a 18950218  19751014
=105  //$ai$aa
=106  //$a010
=120  //$ab
=152  //$c2
=200  //$7ba0yba0y$8fre   $9 0 $aWangenheim$bGustav von$f1895-1975
=300  //$aActeur, scénariste, auteur dramatique, réalisateur
=301  //$aWiesbaden (Allemagne)$bBerlin-Est
=801  //$aFR$bFR-751131015$c20200821
=810  //$aNosferatu [Images animées] / F. W. Murnau, réal. ; Gustav von Wangenheim, act. "Le Monde", 2006
=810  //$aBibliothèque nationale, Allemagne - https://portal.dnb.de/opac.htm?method=simpleSearch&cqlMode=true&query=nid%3D117137154$aIMDB - http://www.us.imdb.com/name/nm0903194 (2006-12-14)
=810  //$aBN Cat. gén.
=856  //$uhttps://portal.dnb.de/opac.htm?method=simpleSearch&cqlMode=true&query=nid%3D117137154$uhttp://www.us.imdb.com/name/nm0903194/$e2006-12-14

