=LDR  00606cx  b2200205   4500
=001  FRBNF142777914
=003  http://catalogue.bnf.fr/ark:/12148/cb142777918
=005  20140320
=100  //$a20030310afrey50      ba0
=102  //$aUS
=103  //$a 1987
=105  //$cp$ca$cs
=106  //$a1
=150  //$ay$bc9
=152  //$c2
=210  //$7ba0yba0y$8fre   $920 $aCastle Rock Entertainment
=300  0/$aProducteur de films rattachée à Warner Bros. Entertainment en 1996
=801  //$aFR$bFR-751131015$c20140320
=810  //$ahttp://www.imdb.com (2014-03-20)
=856  //$uhttp://www.imdb.com$e2014-03-20

