=LDR  00777cx  a2200229   4500
=001  FRBNF146279804
=003  http://catalogue.bnf.fr/ark:/12148/cb14627980t
=005  20130628
=010  //$a0000000003054515$2ISNI$d20150312
=100  //$a20050512afrey50      ba0
=102  //$aFR
=103  //$a 1964
=105  //$aa$ap
=106  //$a1
=120  //$ab
=200  //$7ba0yba0y$8fre   $9 0 $aRecio$bLorenzo$f1964-....
=300  0/$aCinéaste
=400  //$7ba0yba0y$8fre   $aRecio$bLaurent$f1964-....
=530  //$5z$0Réalisateur de : $316652759$aLisa (film)
=530  //$5z$0Réalisateur de : $315542567$aLe bal du Minotaure (film)
=801  //$aFR$bFR-751131015$c20130628
=810  //$aL'infante, l'âne et l'architecte [Images animées] / Lorenzo Recio, réal. Scéren, [2005]

