=LDR  00850cx  a2200217   4500
=001  FRBNF146547202
=003  http://catalogue.bnf.fr/ark:/12148/cb146547209
=005  20211019
=010  //$a0000000001316489$2ISNI$d20150312
=100  //$a20000420afrey50      ba0
=101  //$afre
=102  //$aFR
=103  //$a 1950
=105  //$aa$ac
=106  //$a1
=120  //$aa
=200  //$7ba0yba0y$8fre   $9 0 $aBruguière$bDominique$f1950-....
=300  0/$aÉclairagiste, conceptrice de lumières
=801  //$aFR$bFR-751131015$c20211019
=810  //$aL'éveil du printemps [Spectacle] / mise en scène d'Yves Beaunesne ; lumières de Dominique Bruguière. - Paris : Théâtre de la ville, 1998$aPenser la lumière / Dominique Bruguière ; en collaboration avec Chantal Hurault, DL 2017
=810  //$aActualité de la scénographie, n° 62, février 1993

