=LDR  00674cx  a2200193   4500
=001  FRBNF146717081
=003  http://catalogue.bnf.fr/ark:/12148/cb146717084
=005  20120607
=010  //$a0000000375032421$2VIAF$d20130802
=100  //$a20050825afrey50      ba0
=102  //$aFR
=103  //$a 1963
=105  //$ac$aa
=106  //$a1
=120  //$ab
=200  //$7ba0yba0y$8fre   $9 0 $aBériot$bOlivier$f1963-....
=300  0/$aCostumier
=801  //$aFR$bFR-751131015$c20120607
=810  //$aCaligula : ballet en cinq actes, argument de Nicolas Le Riche et Guillaume Gallienne : Ballet de l'Opéra, [chorégraphie de] Nicolas Le Riche : [programme], Palais Garnier, mars 2008

