=LDR  01101cx  a2200289   4500
=001  FRBNF151065289
=003  http://catalogue.bnf.fr/ark:/12148/cb151065287
=005  20130823
=010  //$a0000000120371616$2VIAF$d20130805
=039  //$oOPP$a14704458$d20070326
=100  //$a20061024afrey50      ba0
=101  //$ager
=102  //$aDE
=103  //$a 18741211  19480913
=105  //$aa$ai
=106  //$a010
=120  //$ab
=152  //$c2
=200  //$7ba0yba0y$8fre   $9 0 $aWegener$bPaul$f1874-1948
=300  //$aCinéaste, producteur et acteur
=530  //$5z$0Réalisateur de : $314665558$aUnter Ausschluss der Öffentlichkeit (film ; 1937)
=530  //$5z$0Réalisateur de : $315106532$aDer Golem wie er in die Welt kam (film)
=686  //$a791$cAudiovisuel$2Note de regroupement par domaine
=801  //$aFR$bFR-751131015$c20130823
=810  //$aDer Golem, wie er in die Welt kam [Images animées] / Paul Wegener, réal., scénario, [2006]
=810  //$aIMDb - http://www.imdb.com/name/nm0917467/?ref_=tt_cl_t5 (2013-08-23)
=856  //$uhttp://www.imdb.com/name/nm0917467/?ref_=tt_cl_t5$e2013-08-23

