=LDR  00960cx  a2200241   4500
=001  FRBNF167184042
=003  http://catalogue.bnf.fr/ark:/12148/cb16718404t
=005  20141008
=010  //$a0000000419901570$2ISNI$d20150313
=100  //$a20131023afrey50      ba0
=101  //$afre
=102  //$aFR
=103  //$a 1963
=105  //$aa
=106  //$a1
=120  //$aa
=200  //$7ba0yba0y$8fre   $9 0 $aZiane-Bruneel$bNadia$f1963-....
=300  0/$aProfesseur de lettres
=400  //$7ba0yba0y$8fre   $aBruneel$bNadia Ziane-$f1963-....
=400  //$7ba0yba0y$8fre   $aBruneel-Ziane$bNadia$f1963-....
=400  //$7ba0yba0y$8fre   $aZiane$bNadia Bruneel-$f1963-....
=801  //$aFR$bFR-751131015$c20141008
=810  //$aSalam Ouessant / Azouz Begag ; présentation, notes, questions et après-texte établis par Nadia Ziane-Bruneel,..., impr. 2013$aDracula / Bram Stoker ; choix des extraits et appareil pédagogique par Nadia Bruneel-Ziane,..., impr. 2014

