=LDR  01053nx  a2200229   4500
=001  FRBNF17068333X
=003  http://catalogue.bnf.fr/ark:/12148/cb170683333
=010  //$a0000000459704205$2ISNI$d20170202
=100  //$a20160825afrey50      ba0
=102  //$aXX
=103  //$a 19..
=105  //$aa
=106  //$a1
=120  //$ab
=152  //$c1
=200  //$7ba0yba0y$8fre   $9 0 $aMontmayeur$bYves
=300  0/$aRéalisateur
=801  //$aFR$bFR-751131015$c20160825
=810  //$aThe 1000 eyes of Dr Maddin / Yves Montmayeur, réal. In : The forbidden room [Images animées] / Guy Maddin, réal., scénario, comp. ; Evan Johnson, réal. ; Robert Kotyk, scénario ; Galen Johnson, Jason Staczek, comp. ; Roy Dupuis, Mathieu Amalric, Maria de Medeiros... [et al.], act.. - Paris : ED distribution [éd.] ; Vendoeuvres : Arcadès [distrib.], 2016.
=810  //$aIMDB - http://www.imdb.com/name/nm1550829 (2016-08-25)
=856  //$uhttp://www.yvesmontmayeur.com/03/biographie.html$e2016-08-25
=856  //$uhttp://www.imdb.com/name/nm1550829/$e2016-08-25
